3256 5304
719 387 957 436 ureuouuczim
974 372 1144 432 auram.

901 710 976 770 167.

366 853 472 940 1464.Ι
492 872 523 938 Α
552 871 707 935 celenezei
733 871 948 950 kiiztdreosdg
973 865 1080 952 Aymo
1104 865 1213 930 thnos
1237 860 1498 948 maqyororszcipi

404 982 522 1046 teverti
540 1005 560 1044 a
578 1001 716 1066 maqyur
732 977 846 1061 kiraty
863 977 988 1039 riszdre
1004 973 1217 1058 mepajcinloit
1228 974 1422 1057 piazdsszeq
1437 971 1467 1032 c'r

744 1085 838 1168 [ὅρον
853 1085 946 1147 irdat
962 1080 1133 1164 taddsitja.

366 1280 681 1352 MOOCOLXIIII.
698 1278 750 1344 die
767 1276 876 1342 XIII.
891 1276 1030 1359 Aprilis.

475 1390 537 1457 Ser
552 1389 677 1456 Joauni
693 1385 802 1471 Aymo
827 1386 935 1465 militi,
961 1382 1095 1449 Oratori
1121 1390 1237 1448 nostro
1263 1381 1307 1447 ad
1334 1382 1501 1449 Serenissi·

368 1522 454 1564 mum
470 1499 512 1564 D.
529 1499 655 1578 Regem
671 1494 854 1577 Hungarie.

369 1607 541 1690 Sapientes
557 1602 693 1686 Cttnssilij
711 1608 744 1666 θῖ
853 1618 956 1683 Binas
982 1618 1098 1683 literas
1124 1623 1251 1682 vestras
1278 1639 1318 1682 ac
1335 1619 1434 1684 vestri
1450 1633 1514 1680 no·t
1607 1673 1609 1708 ,

450 1737 465 1771 »
558 1718 581 1775 t·
598 1710 620 1774 f·
798 1725 875 1789 bilis
923 1725 1096 1789 Francisci
1140 1725 1335 1790 Justiuiauo
1383 1725 1501 1802 militis,
1607 1713 1608 1744 ³

435 1803 580 1810 ..—...--.
587 1801 742 1809 -—--—

366 1806 479 1921 juncte
506 1835 601 1902 nobis
627 1835 778 1917 scriptas,
804 1834 988 1915 accepimus
1015 1833 1113 1898 datas
1140 1832 1288 1896 XXIX.
1316 1837 1351 1897 et
1368 1832 1502 1897 XXXI.
1607 1851 1609 1906 ξ

370 1944 486 2028 Maitij
502 1964 604 2028 prope
621 1943 760 2023 decursi,
787 1940 905 2023 quibus
922 1940 1134 2023 significastis
1150 1938 1247 2004 nobis
1264 1941 1503 2005 coronationem
1607 1991 1609 2016 ,

370 2051 474 2132 Regie
498 2049 688 2133 Majestatis
713 2048 896 2131 Hungarie,
921 2048 1109 2131 etreliqua
1134 2049 1245 2111 omnia
1270 2051 1366 2130 gesta
1381 2066 1504 2129 perros
1607 2067 1609 2100 z

372 2163 405 2225 in
431 2159 652 2224 executionem
678 2155 908 2221 mandatorum
925 2164 1122 2238 nostrorum,
1148 2176 1209 2239 pro
1227 2155 1348 2238 quibus
1364 2155 1504 2220 omnibus

372 2265 578 2351 prudentiam
594 2272 628 2330 et
643 2262 848 2346 diligentiam
865 2271 1009 2329 vestram
1026 2264 1303 2328 commendamus.

482 2375 686 2439 Intercetera
702 2379 809 2436 autem
820 2370 1052 2452 intelleximus,
1069 2378 1229 2454 quantum
1238 2371 1351 2436 dicitis
1361 2369 1505 2436 habuisse

374 2507 394 2548 a
420 2479 635 2547 Serenissimo
660 2479 753 2561 Rege
778 2481 866 2544 circa
890 2481 1063 2544 materiam
1079 2480 1307 2561 pecuniarum,
1335 2499 1413 2563 quas
1427 2476 1507 2559 petit

371 2591 466 2672 juxta
483 2589 719 2671 obligationem
736 2588 858 2652 factam
876 2610 935 2672 per
950 2608 1018 2670 vos,
1034 2589 1212 2653 secundum
1223 2594 1338 2652 nostra
1348 2587 1506 2664 mandata,

379 2704 413 2762 et
428 2697 528 2760 etiam
545 2697 631 2759 circa
646 2694 805 2776 majorem
822 2717 980 2760 summam
998 2693 1193 2760 mittendam
1212 2693 1366 2778 Segnam,
1381 2693 1506 2778 probac

376 2805 480 2888 prima
496 2804 574 2883 vice,
591 2823 631 2866 ex
647 2803 754 2869 causis
770 2809 803 2868 et
819 2802 1021 2886 respectibus
1038 2803 1071 2866 iu
1088 2801 1197 2867 literis
1208 2805 1327 2868 vestris
1337 2804 1506 2880 contentis,

375 2918 408 2976 et
425 2909 660 2994 respondentes
673 2908 765 2974 vobis
781 2932 854 2974 cum
866 2916 978 2974 nostro
990 2907 1136 2974 Consilio
1146 2909 1360 2992 Rogatorum
1371 2910 1507 2986 dicimus,

378 3019 466 3101 quod
492 3039 602 3083 sumus
627 3039 825 3101 magnopere
851 3017 971 3100 cupidi,
998 3017 1086 3102 quod
1111 3015 1221 3100 Regia
1237 3017 1401 3100 Majestas
1422 3019 1508 3101 juxta

378 3125 553 3189 ferventem
580 3125 825 3208 dispositionem
855 3133 888 3189 et
913 3125 1072 3208 optimum
1097 3125 1314 3208 propositum,
1340 3123 1428 3207 quod
1444 3143 1506 3186 eam

376 3230 495 3296 habere
522 3231 665 3297 videmus
690 3231 888 3316 procedendi
914 3233 1125 3314 magnanime
1151 3239 1268 3297 contra
1284 3233 1429 3297 Turcum
1444 3251 1507 3295 cum
1605 3277 1607 3304 ‚

377 3337 463 3402 omni
480 3337 646 3402 celeritate
663 3346 775 3421 gentes
791 3347 825 3405 et
841 3341 926 3405 vires
947 3361 1034 3422 suae,
1052 3341 1205 3423 expedire
1223 3339 1368 3424 studeat,
1384 3344 1508 3423 quanto·

380 3467 442 3528 que
459 3447 628 3528 potentius
645 3453 677 3510 et
693 3445 829 3513 celerius
845 3448 935 3514 istud
952 3447 1017 3529 fiet,
1034 3453 1129 3513 tanto
1147 3449 1263 3515 melius
1274 3454 1308 3514 et
1319 3449 1432 3513 utilius
1442 3446 1506 3520 erit,
1604 3515 1606 3526 ,

379 3553 465 3617 utin
481 3551 546 3617 Dei
563 3554 700 3636 nomine,
717 3576 790 3620 cum
807 3562 921 3621 eterna
937 3554 1045 3637 laude,
1061 3561 1093 3620 et
1109 3557 1218 3641 gloria
1235 3555 1434 3634 serenitatis
1449 3554 1507 3619 Sue

379 3681 475 3743 agere
500 3661 605 3743 possit
630 3667 745 3726 contra
761 3663 1030 3728 immanissimum
1050 3663 1198 3746 hostem3
1223 3685 1283 3729 nos
1301 3670 1411 3730 autem
1425 3663 1509 3748 juxta

382 3765 580 3833 oblationem
606 3769 737 3852 saetam,
763 3769 912 3837 dabimus
940 3792 1073 3855 operam
1098 3772 1251 3838 mittendi
1279 3773 1507 3856 quamprimum

383 3872 523 3957 Segnam
554 3875 696 3942 florenos
716 3878 884 3961 hungaros
902 3877 979 3944 XX
996 3902 1047 3964 m,
1071 3880 1128 3963 ita,
1151 3879 1240 3964 quod
1256 3901 1316 3964 per
1332 3886 1435 3945 totam
1447 3895 1508 3961 pre·
1604 3885 1605 3896 ³

380 3987 505 4048 sentem
533 4004 676 4048 mensem
693 3985 828 4068 pecunie
848 3987 918 4069 ipse
935 3992 1030 4052 erunt
1048 3987 1166 4072 Segne,
1191 4010 1265 4052 cum
1282 3987 1408 4070 ordine,
1432 3980 1508 4069 quod
1603 4041 1605 4080 ἱ

380 4091 616 4174 consignentur
630 4093 756 4173 nuntio,
771 4113 867 4175 quem
883 4093 969 4159 idem
986 4093 1222 4160 serenissimus
1238 4096 1313 4160 Rex
1330 4117 1403 4160 cum
1418 4090 1509 4158 literis
1603 4083 1605 4116 ³

381 4201 414 4260 et
440 4193 595 4264 mandato
621 4201 730 4267 mittet
754 4201 834 4266 illuc
850 4202 892 4267 ad
908 4201 1133 4286 recipiendum
1149 4205 1306 4288 pecunias
1324 4203 1506 4269 antedictas.

450 4363 452 4368 .
488 4305 651 4389 Preterea,
677 4309 755 4390 quia
774 4309 935 4393 Majestas
952 4309 1022 4376 Sua
1047 4311 1169 4378 habere
1186 4313 1279 4396 cupit
1300 4308 1430 4378 anobis
1444 4305 1508 4373 mil·

380 4403 479 4474 liaris
495 4407 570 4478 XX
587 4413 728 4496 pulveris
745 4437 765 4479 a
782 4412 972 4498 bombarda,
997 4420 1090 4502 cujus
1116 4422 1265 4504 precium
1293 4409 1507 4502 excomputari

382 4511 504 4581 lrabeat
515 4519 546 4582 in
558 4521 712 4604 pecunijs,
728 4545 790 4605 que
801 4524 862 4588 sibi
875 4526 1049 4591 mittentur
1059 4535 1136 4612 post
1146 4529 1207 4593 has
1217 4530 1353 4610 primae,
1370 4527 1507 4596 dicimus,
1603 4575 1604 4582 ,
