3256 5304
617 735 688 796 172.

69 895 181 994 '1464
211 891 242 956 A
268 894 419 958 velcuczcc'
442 893 659 958 dllcmtcao'cs
685 889 789 978 Apono
815 893 919 958 Jc'aca
944 893 1214 978 ncoqyororszdpi

1 1031 2 1034 ¹
82 1001 203 1068 bdoetc't
219 1025 241 1066 a
258 1001 584 1092 Mcqycrcraquack
610 1001 700 1066 tb'rdlc
718 1000 798 1065 clleo
812 1001 896 1087 iqc'rt
911 1001 1015 1088 aeqdly
1031 1001 1213 1089 tc'ryydbca

1 1140 2 1147 ¹
568 1109 736 1196 tuddaitjc.

1 1375 2 1378 ,
84 1303 399 1372 MOOOOLXIIII.
417 1304 470 1370 dio
487 1303 533 1372 ΙΙ.
551 1302 703 1388 Augusti.

1 1485 2 1502 1
87 1412 260 1498 sapientes
277 1412 412 1497 O0¹¹⁸ffil
431 1418 465 1478 el
573 1430 633 1497 Ser
658 1431 780 1498 Joanni
802 1428 914 1514 Aimo,
948 1430 1055 1511 militi,
1082 1430 1215 1497 Oratori

180 1546 195 1580 ³
288 1527 311 1585 l·
326 1520 348 1586 f·
518 1544 629 1606 nostro
678 1541 763 1624 apud
804 1539 1052 1606 Serenissimum
1090 1538 1216 1620 Regem

88 1612 462 1622 ff—--m

89 1645 270 1728 Hungarie.

197 1751 338 1819 Reddite
355 1759 430 1818 sunt
444 1754 539 1826 nobis
555 1753 650 1819 litere
661 1760 768 1820 vestre
779 1754 905 1820 dierum
915 1753 961 1819 X.
971 1753 1055 1819 XII.
1067 1760 1101 1820 et
1111 1752 1216 1818 XIII.

1 1865 2 1918 Ὗ
91 1861 115 1926 J
117 1861 177 1944 ulij
194 1883 296 1945 prope
314 1862 451 1943 decursi,
469 1861 586 1946 quibus
603 1863 797 1928 intercetera
812 1862 1021 1946 significastis
1037 1862 1131 1927 nobis
1148 1883 1218 1926 suc-

90 1990 199 2034 cessus
215 1990 322 2034 rerum
339 1970 484 2052 istarum,
500 1992 539 2036 ac
556 1971 794 2054 expeditionem
810 1977 843 2036 et
858 1992 1050 2054 progressus
1071 1971 1218 2055 gentium

1 2077 2 2098 ³
90 2077 195 2160 Regio
211 2076 399 2160 Majestatis
425 2078 608 2162 Hungarie,
633 2085 670 2144 ut
694 2086 809 2145 contra
835 2079 943 2146 hostes
960 2079 1085 2145 Turcos
1109 2099 1220 2163 proce-

92 2185 170 2250 dere
187 2186 300 2268 possit,
316 2185 350 2250 in
366 2207 431 2269 qua
446 2208 483 2251 re
499 2187 702 2270 diligentiam
712 2209 770 2271 per
780 2211 836 2254 vos
847 2189 1029 2255 adhibitam
1038 2187 1219 2269 laudamus,

92 2299 128 2357 ut
144 2285 314 2358 Serenitas
333 2290 408 2376 Sua,
434 2295 618 2378 impresiam
636 2297 726 2361 illam
742 2296 881 2362 feliciter
898 2298 1088 2377 invocatam,
1105 2295 1219 2359 auxili-

95 2406 169 2465 ante
186 2399 259 2466 Deo
276 2401 418 2485 gloriose
434 2403 587 2487 perficere
604 2406 714 2488 possit.
741 2405 810 2470 Nos
826 2425 910 2484 vcro,
927 2405 984 2488 qui
999 2405 1053 2468 hic
1067 2405 1220 2468 instruxi-

94 2532 163 2575 mus
182 2515 216 2575 et
230 2512 417 2594 paravimus
433 2512 578 2596 classem,
603 2515 792 2580 nuntiamus
807 2514 907 2596 vobis,
933 2512 1020 2595 quod
1036 2514 1068 2578 in
1085 2512 1150 2578 Dei
1165 2534 1221 2576 no-

94 2620 178 2684 mine
204 2620 408 2686 ascendimus
425 2622 641 2704 personaliter
656 2625 821 2687 triremem
837 2626 992 2701 nostram,
1021 2627 1053 2686 et
1068 2643 1133 2686 una
1149 2641 1221 2686 cum

1 2757 3 2810 3
93 2727 167 2810 alijs
192 2727 379 2794 triremibus
396 2725 652 2796 Ocnsiliarorum
677 2737 711 2796 et
727 2730 865 2797 aliorum
881 2730 1039 2797 nobilium
1057 2730 1222 2795 nobiscum

94 2835 337 2919 designatorum
364 2840 602 2922 quamprimum
619 2838 829 2920 discedamus,
853 2839 1030 2923 profecturi
1047 2860 1118 2902 cum
1135 2835 1222 2901 omni

1 2943 2 3038 l
95 2944 203 3009 studio
220 2951 253 3009 et
269 2943 436 3010 celeritate
452 2945 495 3009 ad
512 2945 625 3012 urbem
640 2943 786 3029 Ancona,
813 2947 856 3018 ad
872 2945 1038 3012 visendam
1055 2950 1087 3010 et
1103 2943 1222 3012 facien-

2 3043 3 3132 l
96 3053 169 3118 dam
184 3051 402 3118 reverentiam
417 3053 561 3122 debitam
576 3055 672 3136 Rom.
689 3055 851 3138 Pontifici,
878 3061 916 3121 ut
932 3055 1040 3120 divino
1057 3054 1223 3136 aspirante

2 3139 5 3232 l
96 3161 225 3225 numine
240 3182 320 3245 opus
338 3167 452 3226 sancte
468 3161 682 3246 expeditionis
698 3185 764 3229 uua
780 3185 853 3229 cum
870 3161 1055 3230 Sanctitate
1071 3159 1140 3227 Sua
1155 3159 1224 3226 feli·

2 3241 5 3391 Ι
98 3269 178 3334 citer
193 3289 435 3353 prosequamur.

203 3375 439 3460 Intelleximus
475 3383 633 3461 quantum
659 3379 808 3460 scribitis,
845 3377 885 3443 de
910 3399 1010 3462 puero
1036 3379 1099 3442 isto
1124 3377 1226 3442 fratre

99 3487 206 3566 Turci,
217 3506 316 3568 penes
327 3482 495 3552 Summum
506 3485 699 3554 Pontificem
710 3488 879 3568 existente,
889 3509 985 3570 quem
996 3485 1225 3552 Serenissimus

8 3593 14 3652 ἶ
97 3595 170 3660 Rex
185 3594 358 3676 Hungarie
373 3593 650 3683 libenterlhabere
665 3593 771 3678 vellet,
797 3615 837 3658 ex
853 3595 959 3659 causis
976 3599 1008 3658 ct
1024 3592 1225 3678 respectibus

98 3704 131 3767 in
155 3701 260 3768 literis
285 3701 402 3766 vestris
428 3703 597 3770 contentis.
638 3702 683 3766 Et
707 3701 940 3786 respondentes
967 3699 1114 3781 dicimus,
1140 3699 1227 3782 quod

98 3817 133 3876 ut
148 3809 229 3876 facti
245 3830 354 3874 sumus
371 3811 535 3889 certiores
561 3808 713 3876 Summus
730 3799 885 3875 Pontifex
900 3810 1015 3894 ipsum,
1032 3809 1088 3890 qui
1105 3807 1227 3873 eratin

4 3897 7 4010 l
100 3918 241 4002 Spoleto,
266 3939 375 3982 secum
391 3914 562 3982 Anconam
588 3918 751 4001 conduxit,
777 3940 850 3983 cum
865 3915 960 3980 firma
976 3916 1156 3980 intentione
1172 3915 1228 3979 du·

100 4026 191 4090 cendi
207 4046 281 4090 eum
298 4046 394 4108 super
410 4025 511 4092 classe
527 4047 596 4107 sua,
613 4026 799 4092 existimaus
810 4029 890 4090 'eum
906 4023 1001 4097 rebus
1018 4022 1169 4106 gerendis
1188 4045 1228 4087 ex

5 4129 7 4190 ἱ
100 4133 160 4199 hac
183 4139 279 4218 parte
305 4133 383 4198 satis
408 4153 503 4217 posse
529 4131 654 4214 facere,
687 4134 774 4199 unde
798 4155 864 4198 non
889 4131 1045 4214 videmus,
1071 4131 1151 4215 quid
1166 4153 1226 4215 pro

5 4191 7 4286 l
100 4241 232 4306 nuncin
248 4261 284 4304 re
299 4241 364 4305 ista
379 4239 488 4306 facere
504 4242 676 4323 possimus.
699 4241 746 4306 Et
760 4242 808 4304 ita
824 4239 979 4322 volumus,
997 4238 1084 4322 quod
1101 4237 1228 4304 Sereni-

5 4369 7 4398 ι
102 4351 160 4423 tati
176 4348 241 4416 Sue
266 4349 369 4413 nostri
384 4353 479 4432 parte
496 4335 620 4432 dicatis,
645 4369 755 4413 verum
772 4348 848 4411 siin
864 4352 1031 4430 posterum
1048 4345 1229 4411 videbimus

6 4459 8 4544 ss
102 4455 273 4540 Maiestati
284 4453 349 4522 Sue
364 4455 553 4521 satisfacere
569 4476 670 4539 posse,
687 4455 722 4520 id
737 4455 878 4520 libenter
892 4453 1058 4519 faciemus,
1075 4451 1228 4525 Misimus

106 4563 324 4650 superioribus
351 4561 466 4630 diebus
483 4561 634 4649 Segnam,
660 4562 779 4630 bonam
804 4566 931 4650 partem
946 4561 1090 4644 pulveris
1106 4583 1126 4628 a
1142 4561 1231 4631 bom·
