3268 5308
655 352 750 421 1461.
1207 357 1269 426 113

143 528 333 616 periclitare
357 554 421 598 non
437 530 589 615 habeant,
614 535 672 601 sed
688 537 876 601 continuent
890 555 1041 620 guerram
1057 557 1129 602 cum
1145 536 1269 620 Turcia

143 640 247 706 donec
262 643 305 706 ad
322 642 507 724 generalem
524 643 760 726 expeditionem
776 644 981 728 procedetur.

248 745 345 815 Oirca
361 770 442 832 quos
457 748 586 814 favores
602 750 800 817 exhibendos
816 751 936 816 eisdem
951 751 1131 835 Hungaris‚
1146 760 1183 818 ut
1199 777 1268 820 suc-

137 855 290 920 cumbere
316 878 380 920 non
403 856 548 922 habeant
573 878 643 922 oum
668 864 763 924 tanto
780 859 1034 924 christianorum
1060 861 1195 943 excidio,
1211 863 1269 926 sed

137 971 367 1030 conserventur
384 966 426 1030 ad
442 971 569 1048 tempus
594 972 706 1032 sancte
732 967 958 1051 expeditionis,
983 988 1047 1031 non
1073 967 1209 1033 dicimus
1235 969 1269 1033 in

137 1072 332 1154 particulari
356 1074 460 1155 magis
486 1095 584 1138 unum
611 1096 710 1156 quam
745 1075 845 1156 aliud,
872 1072 972 1139 Sacre
996 1075 1167 1166 Majestati
1193 1073 1268 1158 Sue,

136 1200 211 1243 cum
227 1181 467 1264 sapientissima
486 1181 539 1262 sit,
567 1182 750 1264 optimeque
766 1183 941 1264 intelligat,
968 1184 1087 1266 quanti
1112 1185 1268 1248 momenti

136 1293 173 1351 et
188 1288 343 1370 ponderis
359 1308 411 1353 res
426 1287 492 1352 ista
509 1288 561 1370 sit,
572 1294 605 1352 et
621 1309 660 1352 ex
677 1295 772 1371 parte
788 1311 848 1354 sua
863 1289 1034 1372 providere
1050 1295 1169 1374 potest,
1183 1289 1267 1354 sicut

134 1397 314 1462 necessitas
332 1401 499 1461 tantorum
515 1396 734 1480 periculurom
750 1398 859 1480 exigit.
875 1397 914 1465 In
930 1397 1099 1480 colloquiis
1109 1419 1194 1482 vero,
1205 1417 1267 1480 que

135 1503 305 1570 habebitis
322 1527 393 1570 cum
406 1503 590 1570 Serenitate
601 1503 676 1588 Sua,
692 1505 837 1570 contenti
849 1527 956 1570 sumus
967 1511 1000 1570 et
1011 1505 1164 1585 volumus,
1181 1505 1268 1587 quod

133 1613 180 1679 ad
194 1613 362 1697 proposita
378 1618 485 1678 vestra
501 1613 756 1677 commemoretis
771 1635 831 1696 per
855 1613 930 1678 illos
955 1613 1061 1678 bonos
1088 1619 1122 1678 et
1148 1613 1264 1677 decen-

132 1729 187 1787 tes
212 1721 332 1800 modos,
358 1720 411 1804 qui
428 1721 543 1785 vestris
559 1718 741 1803 prudentiis
766 1719 970 1802 videbuntur,
997 1720 1083 1802 quod
1110 1718 1262 1785 Summus

132 1827 292 1896 Pontifex
307 1828 493 1912 intelligens
509 1828 574 1894 ista
584 1829 788 1893 imminentia
798 1828 945 1910 pericula
954 1827 1200 1912 Hungarorum,
1215 1849 1263 1892 re-

134 1938 223 2019 quiri
249 1937 341 2003 nobis
367 1936 444 2002 fecit
467 1959 527 2020 per
553 1937 731 2006 Oratorem
763 1959 857 2002 suum
882 1937 936 2001 hic
960 1939 1159 2020 existentem,
1175 1943 1212 2002 ut
1237 1939 1266 2004 si

133 2047 223 2110 circa
238 2046 299 2112 hoo
326 2051 466 2111 mentem
485 2050 631 2113 nostram
654 2043 922 2129 patefaceremus,
957 2047 1010 2110 cui
1033 2046 1262 2128 respondimus

132 2161 168 2218 et
184 2160 372 2220 reverenter
389 2155 545 2220 diximus:
558 2152 804 2238 'providendum
821 2175 891 2220 esse
908 2152 1007 2218 saluti
1023 2173 1144 2234 eorum,
1161 2151 1200 2216 de
1212 2152 1264 2216 de-

132 2263 227 2327 cimis
259 2261 512 2327 christianorum
552 2259 783 2328 beneficiorum
817 2261 1127 2341 ecclesiasticorum,
1158 2261 1191 2324 in
1223 2279 1262 2323 ea

132 2376 239 2454 parte,
257 2391 319 2452 que
335 2371 525 2435 conveniens
541 2369 716 2435 videretur.
742 2369 784 2432 Id
800 2370 906 2452 ipsum
923 2368 1022 2432 etiam
1040 2366 1112 2431 fieri
1128 2388 1264 2432 comme·

132 2481 330 2544 moravimus
347 2500 426 2562 erga
441 2479 567 2562 Regem
583 2478 720 2543 Bossine
736 2483 770 2542 et
785 2477 912 2542 Ducem
938 2474 1117 2559 Stefannm,
1134 2481 1171 2540 ut
1196 2497 1261 2540 non

133 2593 293 2669 cogantur
309 2593 365 2652 aut
380 2588 485 2670 perire
511 2594 568 2653 aut
588 2609 660 2652 cum
686 2586 803 2651 ancis
830 2585 1039 2651 concordium
1064 2605 1191 2668 capere.
1216 2586 1262 2648 Et

135 2696 266 2760 demum
283 2696 438 2776 volumue,
455 2696 543 2779 quod
563 2717 689 2761 omnem
705 2715 848 2778 operam,
874 2713 1068 2775 omnemque
1094 2693 1264 2758 honestam

132 2805 370 2888 experientiam
394 2803 523 2868 faciatis
557 2802 762 2886 intelligendi
786 2803 819 2868 in
845 2802 1038 2886 particulari
1063 2807 1204 2864 mentem
1230 2805 1264 2863 et

132 2913 379 2994 dispositionem
395 2891 588 2977 Serenitatis
605 2911 678 2992 Sue,
702 2912 737 2975 in
761 2911 827 2976 ista
843 2911 989 2976 materia.
1016 2907 1091 2992 Qua
1107 2914 1263 2991 percepta

132 3020 278 3084 contenti
294 3039 412 3102 sumne,
429 3019 515 3100 quod
532 3025 663 3102 sumpta
677 3018 765 3084 bona
782 3023 815 3082 et
840 3023 936 3102 grata
960 3014 1097 3081 licencia
1122 3015 1163 3079 ab
1190 3014 1262 3080 Ma-

128 3129 251 3212 jestate
269 3126 344 3208 Sua,
362 3133 396 3192 et
412 3127 454 3192 ab
471 3126 547 3210 alijs
565 3125 765 3211 principibus
782 3130 814 3190 et
828 3123 986 3206 Dominis
998 3123 1054 3206 qui
1065 3122 1262 3189 videbuntur

131 3235 234 3318 vobis,
249 3236 285 3299 in
294 3233 359 3300 Dei
369 3235 498 3300 nomine
508 3235 708 3316 repatriatis‚
719 3233 759 3299 de
776 3238 868 3298 novis
885 3238 918 3296 et
934 3232 1008 3314 alijs
1026 3230 1263 3296 conditionibus

130 3344 263 3408 illarum
280 3343 421 3425 partium
437 3342 533 3426 plene
549 3343 701 3406 instructi
717 3348 750 3406 et
766 3347 826 3406 oct.

241 3449 285 3534 -l-
334 3452 397 3513 134
443 3486 486 3494 -
533 3454 553 3512 0
599 3486 642 3495 —-
688 3453 718 3514 2.

240 3612 398 3673 (Velenczei
411 3612 591 3676 allamkdnyv
608 3616 650 3662 75.
664 3613 694 3670 l.)

179 4665 241 4706 ΜΘΝ.
257 4666 340 4707 HUNG.
356 4667 425 4710 mer.
441 4679 484 4692 ·““·
501 4673 569 4710 AG'I'A
585 4677 646 4714 uxr.
662 4676 697 4713 1v.
