3256 5304
413 381 476 448 210
768 387 1003 444 6666666661
1020 387 1188 440 nuncnunc.

412 557 494 622 duas
525 557 558 618 in
589 554 740 636 partibus
772 553 837 617 illis
863 573 1070 635 perseverare
1095 552 1251 616 faciemus
1275 571 1334 632 pro
1361 549 1528 612 hortamine

413 665 545 731 illorum
561 661 708 730 fidelium
725 668 920 728 nostrorum.

524 769 576 835 De
593 777 687 856 parte
704 809 748 818 -
765 808 807 816 —
827 775 900 836 115.

720 878 884 962 Expedita
900 877 1025 942 barche
1042 877 1157 940 eodem
1173 875 1225 940 die
1242 880 1316 956 post
1332 870 1495 937 dimissum

1024 983 1190 1050 Senatum.

525 1093 685 1162 (Velenczei
700 1097 879 1160 allarnksrnyv
895 1098 954 1146 roo.
969 1098 998 1158 l.)

899 1275 1056 1284 ......-—.—

417 1671 513 1734 1463.
546 1668 594 1733 Az
620 1668 719 1732 eloooi
744 1669 911 1732 valasznoz
929 1670 1096 1732 Loredorm
1113 1668 1226 1732 Jalrab
1250 1669 1429 1732 toodcsook
1445 1668 1535 1732 1611166

795 1776 981 1840 1616666611
989 1776 1174 1858 jovaelcto.

418 1969 710 2036 Mcoucnxlu.
727 1970 779 2034 (116
795 1971 875 2040 VII.
890 1972 993 2036 Junii.

525 2080 585 2146 Ser
608 2081 756 2145 ‚lacobus
780 2080 978 2144 Lauredano
1005 2081 1134 2163 sapiens
1159 2081 1286 2145 consilii
1310 2081 1379 2146 vult
1407 2081 1535 2163 primum

416 2189 595 2272 capitulum
622 2188 808 2252 litterarum
835 2189 878 2252 ad
896 2187 1056 2253 Comitem
1075 2187 1210 2272 Spaleti‚
1235 2196 1370 2271 excepta
1386 2188 1536 2272 particula

416 2298 457 2362 de
473 2297 664 2380 accipiendo
681 2296 846 2362 residuum
864 2302 969 2362 status
986 2297 1129 2380 ejusdem
1141 2297 1250 2360 Banni
1266 2297 1301 2360 in
1311 2297 1536 2380 protectionem

416 2413 450 2470 61
466 2413 580 2489 postea
597 2405 743 2471 dicatur:

526 2511 562 2577 Si
579 2535 655 2578 vero
673 2513 761 2579 facta
776 2535 834 2596 per
850 2534 907 2577 vos
924 2515 1010 2578 omni
1026 2514 1174 2597 possibili
1195 2513 1397 2596 experientia
1414 2513 1538 2578 Bannus

418 2619 540 2683 Paulus
568 2620 611 2683 ad
628 2643 696 2684 rem
712 2621 809 2685 istam
825 2622 993 2685 attendere
1010 2644 1075 2686 non
1091 2622 1197 2703 vellet,
1213 2622 1369 2702 66166616,
1394 2627 1431 2686 61
1447 2621 1539 2705 parti-

418 2726 574 2791 culariter
598 2727 782 2810 intelligere
808 2729 937 2808 curetis,
963 2751 1022 2812 pro
1049 2729 1167 2814 quibus
1193 2729 1274 2794 loeis
1291 2729 1428 2793 Baunus
1443 2729 1541 2812 ipseo

417 2834 511 2900 nobis
527 2835 559 2899 in
575 2837 809 2918 protectionem
826 2837 928 2920 accipi
946 2837 1116 2918 desideret,
1132 2843 1166 2902 61
1182 2859 1254 2902 cum
1271 2836 1389 2920 quibus
1399 2835 1500 2901 modis
1510 2841 1538 2898 61

418 2942 666 3009 conditionibus.
700 2941 833 3028 Nosque
860 2945 899 3009 de
916 2946 1066 3010 omuibus
1082 2945 1235 3009 distincte
1252 2950 1285 3009 61
1301 2943 1539 3027 particulariter

418 3073 477 3132 per
499 3051 734 3117 velocissimam
759 3052 918 3118 barcham
934 3052 1084 3118 advisare
1100 3052 1256 3133 debeatis
1282 3073 1381 3136 quam
1397 3052 1539 3116 16166116-

418 3178 491 3220 nom
515 3165 660 3223 nostram
685 3180 719 3223 re
736 3161 819 3226 bene
836 3161 1004 3227 intellecta
1020 3162 1195 3226 enodacius
1213 3160 1459 3226 declarabimus.
1489 3158 1537 3222 In·
1596 3189 1606 3196 ·

416 3265 512 3328 terim
539 3271 649 3329 autem
674 3288 784 3331 snmus
810 3271 953 3334 contenti
980 3278 1012 3335 61
1034 3270 1192 3352 volumus,
1218 3277 1255 3334 ut
1272 3269 1424 3333 Bannum
1440 3270 1538 3350 ipsum

414 3367 559 3438 Ι16666116
576 3375 609 3437 16
625 3371 712 3440 bona
729 3397 793 3460 spe.

525 3480 576 3544 De
593 3488 687 3564 parte
734 3521 776 3531 -
824 3523 866 3532 -—
914 3489 964 3550 25.

526 3587 577 3651 De
593 3610 658 3653 666
729 3629 772 3640 -
822 3630 860 3637 -
936 3597 963 3656 5.

527 3695 602 3761 Non
619 3699 734 3764 sinceri
821 3737 863 3746 —-
934 3711 962 3765 8.

525 3862 681 3921 (Velenczei
703 3863 933 3925 aillamkiinyvben
959 3864 1136 3913 »Pertinente
1157 3866 1213 3914 alla
1236 3865 1437 3922 deliberatione
1459 3879 1504 3928 per
1524 3862 1540 3910 il

418 3948 525 4030 (1666116
539 3951 659 4014 Spoleti«
675 3952 830 4014 felirattal.)

1606 3669 1613 3780 l

1610 3795 1613 3952 l

1610 4179 1612 4208 l

1610 4213 1612 4232 r
