<?xml version="1.0" encoding="UTF-8"?>
<!DOCTYPE html PUBLIC "-//W3C//DTD XHTML 1.0 Transitional//EN"
    "http://www.w3.org/TR/xhtml1/DTD/xhtml1-transitional.dtd">
<html xmlns="http://www.w3.org/1999/xhtml" xml:lang="en" lang="en">
 <head>
  <title>
</title>
<meta http-equiv="Content-Type" content="text/html;charset=utf-8" />
  <meta name='ocr-system' content='tesseract 3.04.00' />
  <meta name='ocr-capabilities' content='ocr_page ocr_carea ocr_par ocr_line ocrx_word'/>
</head>
<body>
  <div class='ocr_page' id='page_1' title='image "./magyardiplomacz01mattgoog_0179.png"; bbox 0 0 3268 5308; ppageno 0'>
   <div class='ocr_carea' id='block_1_1' title="bbox 616 336 1228 408">
    <p class='ocr_par' dir='ltr' id='par_1_1' title="bbox 616 336 1228 408">
     <span class='ocr_line' id='line_1_1' title="bbox 616 336 1228 408; baseline -0.003 -10"><span class='ocrx_word' id='word_1_1' title='bbox 616 336 710 398; x_wconf 77' lang='lat'>1462.</span> <span class='ocrx_word' id='word_1_2' title='bbox 1166 345 1228 408; x_wconf 79' lang='lat'>149</span> 
     </span>
    </p>
   </div>
   <div class='ocr_carea' id='block_1_2' title="bbox 9 504 1229 602">
    <p class='ocr_par' dir='ltr' id='par_1_2' title="bbox 9 475 1229 602">
     <span class='ocr_line' id='line_1_2' title="bbox 9 504 1229 602; baseline 0.012 -32"><span class='ocrx_word' id='word_1_3' title='bbox 9 531 11 548; x_wconf 72' lang='lat'>=</span> <span class='ocrx_word' id='word_1_4' title='bbox 99 504 240 590; x_wconf 83' lang='lat' dir='ltr'>Regiam</span> <span class='ocrx_word' id='word_1_5' title='bbox 266 509 477 593; x_wconf 88' lang='lat' dir='ltr'>Majestatem</span> <span class='ocrx_word' id='word_1_6' title='bbox 503 532 562 594; x_wconf 90' lang='lat' dir='ltr'>pro</span> <span class='ocrx_word' id='word_1_7' title='bbox 589 512 709 594; x_wconf 89' lang='lat' dir='ltr'>optimo</span> <span class='ocrx_word' id='word_1_8' title='bbox 737 518 767 575; x_wconf 88' lang='lat' dir='ltr'>et</span> <span class='ocrx_word' id='word_1_9' title='bbox 792 515 931 580; x_wconf 86' lang='lat' dir='ltr'>ferventi</span> <span class='ocrx_word' id='word_1_10' title='bbox 956 519 1026 600; x_wconf 86' lang='lat' dir='ltr'>ejus</span> <span class='ocrx_word' id='word_1_11' title='bbox 1052 521 1229 602; x_wconf 81' lang='lat' dir='ltr'>proposito</span> 
     </span>
    </p>
   </div>
   <div class='ocr_carea' id='block_1_3' title="bbox 9 617 1231 1780">
    <p class='ocr_par' dir='ltr' id='par_1_3' title="bbox 9 617 1231 1780">
     <span class='ocr_line' id='line_1_3' title="bbox 9 617 1230 710; baseline 0.011 -31"><span class='ocrx_word' id='word_1_12' title='bbox 9 707 10 710; x_wconf 7' lang='grc' dir='ltr'><strong>Ἴ</strong></span> <span class='ocrx_word' id='word_1_13' title='bbox 100 622 132 680; x_wconf 91' lang='lat' dir='ltr'>et</span> <span class='ocrx_word' id='word_1_14' title='bbox 158 639 218 698; x_wconf 91' lang='lat' dir='ltr'>pro</span> <span class='ocrx_word' id='word_1_15' title='bbox 236 617 480 701; x_wconf 78' lang='lat' dir='ltr'>deliberatione,</span> <span class='ocrx_word' id='word_1_16' title='bbox 498 620 688 703; x_wconf 80' lang='lat' dir='ltr'>quemfecit</span> <span class='ocrx_word' id='word_1_17' title='bbox 705 623 855 687; x_wconf 86' lang='lat' dir='ltr'>mittendi</span> <span class='ocrx_word' id='word_1_18' title='bbox 873 624 1071 708; x_wconf 75' lang='lat' dir='ltr'>Legationes</span> <span class='ocrx_word' id='word_1_19' title='bbox 1097 649 1171 692; x_wconf 85' lang='lat' dir='ltr'>suas</span> <span class='ocrx_word' id='word_1_20' title='bbox 1189 629 1230 692; x_wconf 89' lang='lat' dir='ltr'>ad</span> 
     </span>
     <span class='ocr_line' id='line_1_4' title="bbox 9 719 1228 817; baseline 0.007 -28"><span class='ocrx_word' id='word_1_21' title='bbox 9 725 11 802; x_wconf 42' lang='grc' dir='ltr'>ζ</span> <span class='ocrx_word' id='word_1_22' title='bbox 101 725 271 790; x_wconf 79' lang='lat' dir='ltr'>Summum</span> <span class='ocrx_word' id='word_1_23' title='bbox 302 719 504 809; x_wconf 86' lang='lat' dir='ltr'>Pontificem,</span> <span class='ocrx_word' id='word_1_24' title='bbox 536 725 711 792; x_wconf 80' lang='lat' dir='ltr'>reddentes</span> <span class='ocrx_word' id='word_1_25' title='bbox 744 751 800 794; x_wconf 88' lang='lat' dir='ltr'>nos</span> <span class='ocrx_word' id='word_1_26' title='bbox 835 737 952 812; x_wconf 73' lang='lat' dir='ltr'>certos</span> <span class='ocrx_word' id='word_1_27' title='bbox 988 755 1042 798; x_wconf 86' lang='lat' dir='ltr'>eas</span> <span class='ocrx_word' id='word_1_28' title='bbox 1069 736 1228 817; x_wconf 90' lang='lat' dir='ltr'>optimum</span> 
     </span>
     <span class='ocr_line' id='line_1_5' title="bbox 9 831 1229 923; baseline 0.01 -28"><span class='ocrx_word' id='word_1_29' title='bbox 9 831 11 876; x_wconf 68' lang='lat' dir='ltr'>l</span> <span class='ocrx_word' id='word_1_30' title='bbox 99 832 243 897; x_wconf 84' lang='lat' dir='ltr'>fructum</span> <span class='ocrx_word' id='word_1_31' title='bbox 259 835 424 915; x_wconf 89' lang='lat' dir='ltr'>parituras</span> <span class='ocrx_word' id='word_1_32' title='bbox 444 856 521 915; x_wconf 90' lang='lat' dir='ltr'>esse,</span> <span class='ocrx_word' id='word_1_33' title='bbox 537 857 661 918; x_wconf 89' lang='lat' dir='ltr'>nosque</span> <span class='ocrx_word' id='word_1_34' title='bbox 682 837 825 918; x_wconf 83' lang='lat' dir='ltr'>profecto</span> <span class='ocrx_word' id='word_1_35' title='bbox 837 840 945 904; x_wconf 88' lang='lat' dir='ltr'>studia</span> <span class='ocrx_word' id='word_1_36' title='bbox 963 847 995 904; x_wconf 90' lang='lat' dir='ltr'>et</span> <span class='ocrx_word' id='word_1_37' title='bbox 1012 842 1229 923; x_wconf 85' lang='lat' dir='ltr'>cogitationes</span> 
     </span>
     <span class='ocr_line' id='line_1_6' title="bbox 9 935 1229 1030; baseline 0.007 -27"><span class='ocrx_word' id='word_1_38' title='bbox 9 935 11 980; x_wconf 68' lang='lat'>³</span> <span class='ocrx_word' id='word_1_39' title='bbox 101 961 214 1006; x_wconf 89' lang='lat' dir='ltr'>omnes</span> <span class='ocrx_word' id='word_1_40' title='bbox 241 948 380 1021; x_wconf 81' lang='lat' dir='ltr'>nostras,</span> <span class='ocrx_word' id='word_1_41' title='bbox 403 943 527 1025; x_wconf 89' lang='lat' dir='ltr'>jamdiu</span> <span class='ocrx_word' id='word_1_42' title='bbox 544 944 660 1025; x_wconf 89' lang='lat' dir='ltr'>cupide</span> <span class='ocrx_word' id='word_1_43' title='bbox 685 946 910 1027; x_wconf 74' lang='lat' dir='ltr'>convertimus</span> <span class='ocrx_word' id='word_1_44' title='bbox 935 954 971 1011; x_wconf 91' lang='lat' dir='ltr'>nt</span> <span class='ocrx_word' id='word_1_45' title='bbox 987 971 1044 1030; x_wconf 89' lang='lat' dir='ltr'>per</span> <span class='ocrx_word' id='word_1_46' title='bbox 1060 942 1098 1012; x_wconf 91' lang='lat' dir='ltr'>B.</span> <span class='ocrx_word' id='word_1_47' title='bbox 1119 947 1229 1028; x_wconf 84' lang='lat' dir='ltr'>Suam,</span> 
     </span>
     <span class='ocr_line' id='line_1_7' title="bbox 102 1051 1227 1136; baseline 0.006 -22.466"><span class='ocrx_word' id='word_1_48' title='bbox 102 1071 165 1134; x_wconf 90' lang='lat' dir='ltr'>que</span> <span class='ocrx_word' id='word_1_49' title='bbox 183 1057 281 1132; x_wconf 87' lang='lat' dir='ltr'>caput</span> <span class='ocrx_word' id='word_1_50' title='bbox 298 1055 347 1114; x_wconf 85' lang='lat' dir='ltr'>est</span> <span class='ocrx_word' id='word_1_51' title='bbox 363 1051 627 1131; x_wconf 86' lang='lat' dir='ltr'>christianorum,</span> <span class='ocrx_word' id='word_1_52' title='bbox 643 1074 766 1135; x_wconf 83' lang='lat' dir='ltr'>perque</span> <span class='ocrx_word' id='word_1_53' title='bbox 782 1060 969 1136; x_wconf 76' lang='lat' dir='ltr'>potentatus</span> <span class='ocrx_word' id='word_1_54' title='bbox 986 1056 1085 1120; x_wconf 84' lang='lat' dir='ltr'>Italic</span> <span class='ocrx_word' id='word_1_55' title='bbox 1111 1056 1227 1136; x_wconf 85' lang='lat' dir='ltr'>Regno</span> 
     </span>
     <span class='ocr_line' id='line_1_8' title="bbox 9 1141 1230 1258; baseline 0.004 -37"><span class='ocrx_word' id='word_1_56' title='bbox 9 1141 17 1258; x_wconf 48' lang='grc' dir='ltr'>ζ’</span> <span class='ocrx_word' id='word_1_57' title='bbox 101 1158 277 1240; x_wconf 86' lang='lat' dir='ltr'>Hungarie</span> <span class='ocrx_word' id='word_1_58' title='bbox 302 1159 447 1240; x_wconf 87' lang='lat' dir='ltr'>presidia</span> <span class='ocrx_word' id='word_1_59' title='bbox 472 1165 504 1224; x_wconf 89' lang='lat' dir='ltr'>et</span> <span class='ocrx_word' id='word_1_60' title='bbox 524 1160 651 1224; x_wconf 79' lang='lat' dir='ltr'>favores</span> <span class='ocrx_word' id='word_1_61' title='bbox 680 1162 835 1226; x_wconf 75' lang='lat' dir='ltr'>citissime</span> <span class='ocrx_word' id='word_1_62' title='bbox 853 1163 1067 1244; x_wconf 79' lang='lat' dir='ltr'>conserantur,</span> <span class='ocrx_word' id='word_1_63' title='bbox 1086 1171 1154 1227; x_wconf 83' lang='lat' dir='ltr'>tarn</span> <span class='ocrx_word' id='word_1_64' title='bbox 1173 1185 1230 1245; x_wconf 90' lang='lat' dir='ltr'>per</span> 
     </span>
     <span class='ocr_line' id='line_1_9' title="bbox 102 1265 1229 1353; baseline 0.003 -25.695"><span class='ocrx_word' id='word_1_65' title='bbox 102 1265 287 1331; x_wconf 85' lang='lat' dir='ltr'>missionem</span> <span class='ocrx_word' id='word_1_66' title='bbox 299 1266 392 1330; x_wconf 87' lang='lat' dir='ltr'>unius</span> <span class='ocrx_word' id='word_1_67' title='bbox 403 1265 676 1333; x_wconf 85' lang='lat' dir='ltr'>Reverendissimi</span> <span class='ocrx_word' id='word_1_68' title='bbox 688 1269 814 1352; x_wconf 81' lang='lat' dir='ltr'>Legati,</span> <span class='ocrx_word' id='word_1_69' title='bbox 827 1291 923 1351; x_wconf 89' lang='lat' dir='ltr'>quam</span> <span class='ocrx_word' id='word_1_70' title='bbox 940 1291 999 1352; x_wconf 89' lang='lat' dir='ltr'>per</span> <span class='ocrx_word' id='word_1_71' title='bbox 1015 1271 1229 1353; x_wconf 88' lang='lat' dir='ltr'>provisionem</span> 
     </span>
     <span class='ocr_line' id='line_1_10' title="bbox 9 1361 1229 1460; baseline 0.003 -24"><span class='ocrx_word' id='word_1_72' title='bbox 9 1361 11 1454; x_wconf 76' lang='lat' dir='ltr'>l</span> <span class='ocrx_word' id='word_1_73' title='bbox 103 1373 335 1456; x_wconf 83' lang='lat' dir='ltr'>pecuniariam,</span> <span class='ocrx_word' id='word_1_74' title='bbox 353 1375 480 1455; x_wconf 87' lang='lat' dir='ltr'>litteris,</span> <span class='ocrx_word' id='word_1_75' title='bbox 490 1374 716 1456; x_wconf 87' lang='lat' dir='ltr'>frequentibus</span> <span class='ocrx_word' id='word_1_76' title='bbox 735 1378 855 1460; x_wconf 86' lang='lat' dir='ltr'>nuntijs</span> <span class='ocrx_word' id='word_1_77' title='bbox 874 1383 906 1440; x_wconf 91' lang='lat' dir='ltr'>et</span> <span class='ocrx_word' id='word_1_78' title='bbox 918 1378 1122 1460; x_wconf 70' lang='lat' dir='ltr'>Oratoribus</span> <span class='ocrx_word' id='word_1_79' title='bbox 1134 1378 1167 1441; x_wconf 91' lang='lat' dir='ltr'>id</span> <span class='ocrx_word' id='word_1_80' title='bbox 1184 1377 1229 1440; x_wconf 90' lang='lat' dir='ltr'>iu-</span> 
     </span>
     <span class='ocr_line' id='line_1_11' title="bbox 104 1476 1231 1564; baseline 0.002 -19.845"><span class='ocrx_word' id='word_1_81' title='bbox 104 1488 270 1545; x_wconf 86' lang='lat' dir='ltr'>cessanter</span> <span class='ocrx_word' id='word_1_82' title='bbox 286 1481 373 1564; x_wconf 90' lang='lat' dir='ltr'>apud</span> <span class='ocrx_word' id='word_1_83' title='bbox 389 1476 574 1546; x_wconf 83' lang='lat' dir='ltr'>Romanum</span> <span class='ocrx_word' id='word_1_84' title='bbox 590 1481 780 1548; x_wconf 89' lang='lat' dir='ltr'>Pontificem</span> <span class='ocrx_word' id='word_1_85' title='bbox 806 1482 912 1549; x_wconf 82' lang='lat' dir='ltr'>facere</span> <span class='ocrx_word' id='word_1_86' title='bbox 937 1485 1128 1564; x_wconf 71' lang='lat' dir='ltr'>studuimus</span> <span class='ocrx_word' id='word_1_87' title='bbox 1148 1505 1231 1549; x_wconf 90' lang='lat' dir='ltr'>com·</span> 
     </span>
     <span class='ocr_line' id='line_1_12' title="bbox 104 1585 1230 1676; baseline 0.002 -22.767"><span class='ocrx_word' id='word_1_88' title='bbox 104 1595 322 1654; x_wconf 87' lang='lat' dir='ltr'>memorantes</span> <span class='ocrx_word' id='word_1_89' title='bbox 339 1591 510 1673; x_wconf 85' lang='lat' dir='ltr'>presertim</span> <span class='ocrx_word' id='word_1_90' title='bbox 526 1593 743 1656; x_wconf 89' lang='lat' dir='ltr'>necessarium</span> <span class='ocrx_word' id='word_1_91' title='bbox 756 1593 857 1657; x_wconf 90' lang='lat' dir='ltr'>videri</span> <span class='ocrx_word' id='word_1_92' title='bbox 874 1585 1230 1676; x_wconf 83' lang='lat' dir='ltr'>nobie,qu0dpe1·Bea·</span> 
     </span>
     <span class='ocr_line' id='line_1_13' title="bbox 104 1696 1231 1780; baseline 0.001 -17.922"><span class='ocrx_word' id='word_1_93' title='bbox 104 1697 279 1762; x_wconf 87' lang='lat' dir='ltr'>titudinem</span> <span class='ocrx_word' id='word_1_94' title='bbox 296 1696 395 1762; x_wconf 80' lang='lat' dir='ltr'>Suam</span> <span class='ocrx_word' id='word_1_95' title='bbox 413 1703 444 1760; x_wconf 90' lang='lat' dir='ltr'>et</span> <span class='ocrx_word' id='word_1_96' title='bbox 459 1719 518 1780; x_wconf 87' lang='lat' dir='ltr'>per</span> <span class='ocrx_word' id='word_1_97' title='bbox 543 1699 709 1780; x_wconf 87' lang='lat' dir='ltr'>potentias</span> <span class='ocrx_word' id='word_1_98' title='bbox 726 1700 825 1766; x_wconf 81' lang='lat' dir='ltr'>ltalie</span> <span class='ocrx_word' id='word_1_99' title='bbox 843 1701 1127 1767; x_wconf 88' lang='lat' dir='ltr'>contribuerentm·</span> <span class='ocrx_word' id='word_1_100' title='bbox 1143 1699 1231 1764; x_wconf 89' lang='lat' dir='ltr'>omni</span> 
     </span>
    </p>
   </div>
   <div class='ocr_carea' id='block_1_4' title="bbox 9 1804 1229 1893">
    <p class='ocr_par' dir='ltr' id='par_1_4' title="bbox 9 1804 1229 1893">
     <span class='ocr_line' id='line_1_14' title="bbox 9 1804 1229 1893; baseline 0.002 -26"><span class='ocrx_word' id='word_1_101' title='bbox 9 1837 11 1890; x_wconf 56' lang='lat' dir='ltr'>p</span> <span class='ocrx_word' id='word_1_102' title='bbox 103 1825 211 1870; x_wconf 88' lang='lat' dir='ltr'>mense</span> <span class='ocrx_word' id='word_1_103' title='bbox 252 1804 445 1869; x_wconf 80' lang='lat' dir='ltr'>ducatorum</span> <span class='ocrx_word' id='word_1_104' title='bbox 477 1805 554 1870; x_wconf 87' lang='lat' dir='ltr'>XII</span> <span class='ocrx_word' id='word_1_105' title='bbox 585 1806 687 1871; x_wconf 88' lang='lat' dir='ltr'>millia</span> <span class='ocrx_word' id='word_1_106' title='bbox 714 1809 808 1891; x_wconf 85' lang='lat' dir='ltr'>juxta</span> <span class='ocrx_word' id='word_1_107' title='bbox 850 1811 1129 1893; x_wconf 88' lang='lat' dir='ltr'>compartitionem</span> <span class='ocrx_word' id='word_1_108' title='bbox 1170 1827 1229 1890; x_wconf 86' lang='lat' dir='ltr'>per</span> 
     </span>
    </p>
   </div>
   <div class='ocr_carea' id='block_1_5' title="bbox 105 1910 1231 1999">
    <p class='ocr_par' dir='ltr' id='par_1_5' title="bbox 9 1910 1231 1999">
     <span class='ocr_line' id='line_1_15' title="bbox 105 1910 1231 1999; baseline -0.004 -17.393"><span class='ocrx_word' id='word_1_109' title='bbox 105 1910 323 1977; x_wconf 84' lang='lat' dir='ltr'>Senot-itatem</span> <span class='ocrx_word' id='word_1_110' title='bbox 340 1911 442 1977; x_wconf 84' lang='lat' dir='ltr'>Suam</span> <span class='ocrx_word' id='word_1_111' title='bbox 458 1912 650 1996; x_wconf 84' lang='lat' dir='ltr'>faciendam,</span> <span class='ocrx_word' id='word_1_112' title='bbox 668 1937 740 1979; x_wconf 87' lang='lat' dir='ltr'>eum</span> <span class='ocrx_word' id='word_1_113' title='bbox 757 1917 874 1998; x_wconf 86' lang='lat' dir='ltr'>quibus</span> <span class='ocrx_word' id='word_1_114' title='bbox 890 1917 923 1980; x_wconf 92' lang='lat' dir='ltr'>in</span> <span class='ocrx_word' id='word_1_115' title='bbox 950 1917 1124 1999; x_wconf 84' lang='lat' dir='ltr'>Hungaria</span> <span class='ocrx_word' id='word_1_116' title='bbox 1150 1915 1231 1980; x_wconf 88' lang='lat' dir='ltr'>acci-</span> 
     </span>
    </p>
   </div>
   <div class='ocr_carea' id='block_1_6' title="bbox 9 2019 1232 2320">
    <p class='ocr_par' dir='ltr' id='par_1_6' title="bbox 9 2019 1232 2320">
     <span class='ocr_line' id='line_1_16' title="bbox 9 2019 1231 2106; baseline 0 -20"><span class='ocrx_word' id='word_1_117' title='bbox 9 2019 11 2086; x_wconf 77' lang='grc' dir='ltr'><em>ἓ</em></span> <span class='ocrx_word' id='word_1_118' title='bbox 106 2026 263 2103; x_wconf 90' lang='lat' dir='ltr'>perentur</span> <span class='ocrx_word' id='word_1_119' title='bbox 281 2019 440 2103; x_wconf 85' lang='lat' dir='ltr'>stipendio</span> <span class='ocrx_word' id='word_1_120' title='bbox 457 2021 570 2085; x_wconf 89' lang='lat' dir='ltr'>saltem</span> <span class='ocrx_word' id='word_1_121' title='bbox 589 2021 715 2104; x_wconf 84' lang='lat' dir='ltr'>equites</span> <span class='ocrx_word' id='word_1_122' title='bbox 731 2022 808 2087; x_wconf 89' lang='lat' dir='ltr'>IIII</span> <span class='ocrx_word' id='word_1_123' title='bbox 817 2023 927 2104; x_wconf 88' lang='lat' dir='ltr'>millia,</span> <span class='ocrx_word' id='word_1_124' title='bbox 945 2025 1000 2106; x_wconf 88' lang='lat' dir='ltr'>qui</span> <span class='ocrx_word' id='word_1_125' title='bbox 1018 2045 1110 2106; x_wconf 90' lang='lat' dir='ltr'>opem</span> <span class='ocrx_word' id='word_1_126' title='bbox 1126 2023 1231 2106; x_wconf 86' lang='lat' dir='ltr'>Regie</span> 
     </span>
     <span class='ocr_line' id='line_1_17' title="bbox 105 2125 1230 2213; baseline 0 -22"><span class='ocrx_word' id='word_1_127' title='bbox 105 2127 278 2210; x_wconf 89' lang='lat' dir='ltr'>Majestati</span> <span class='ocrx_word' id='word_1_128' title='bbox 294 2125 378 2192; x_wconf 84' lang='lat' dir='ltr'>ferre</span> <span class='ocrx_word' id='word_1_129' title='bbox 397 2135 546 2210; x_wconf 67' lang='lat' dir='ltr'>possent,</span> <span class='ocrx_word' id='word_1_130' title='bbox 562 2129 701 2212; x_wconf 91' lang='lat' dir='ltr'>licetque</span> <span class='ocrx_word' id='word_1_131' title='bbox 719 2133 845 2212; x_wconf 85' lang='lat' dir='ltr'>magnis</span> <span class='ocrx_word' id='word_1_132' title='bbox 871 2132 1020 2213; x_wconf 86' lang='lat' dir='ltr'>expensis</span> <span class='ocrx_word' id='word_1_133' title='bbox 1050 2131 1148 2194; x_wconf 89' lang='lat' dir='ltr'>simus</span> <span class='ocrx_word' id='word_1_134' title='bbox 1174 2129 1230 2191; x_wconf 91' lang='lat' dir='ltr'>im·</span> 
     </span>
     <span class='ocr_line' id='line_1_18' title="bbox 9 2236 1232 2320; baseline -0.001 -21"><span class='ocrx_word' id='word_1_135' title='bbox 9 2241 11 2284; x_wconf 77' lang='grc' dir='ltr'><strong>ἓ</strong></span> <span class='ocrx_word' id='word_1_136' title='bbox 105 2236 210 2318; x_wconf 88' lang='lat' dir='ltr'>pliciti</span> <span class='ocrx_word' id='word_1_137' title='bbox 225 2243 294 2300; x_wconf 82' lang='lat' dir='ltr'>taur</span> <span class='ocrx_word' id='word_1_138' title='bbox 310 2237 344 2299; x_wconf 94' lang='lat' dir='ltr'>in</span> <span class='ocrx_word' id='word_1_139' title='bbox 361 2236 462 2302; x_wconf 86' lang='lat' dir='ltr'>classe</span> <span class='ocrx_word' id='word_1_140' title='bbox 479 2239 653 2318; x_wconf 86' lang='lat' dir='ltr'>maritima,</span> <span class='ocrx_word' id='word_1_141' title='bbox 672 2260 769 2320; x_wconf 90' lang='lat' dir='ltr'>quam</span> <span class='ocrx_word' id='word_1_142' title='bbox 786 2240 936 2302; x_wconf 91' lang='lat' dir='ltr'>continue</span> <span class='ocrx_word' id='word_1_143' title='bbox 957 2246 1100 2302; x_wconf 88' lang='lat' dir='ltr'>tenemus</span> <span class='ocrx_word' id='word_1_144' title='bbox 1118 2242 1232 2300; x_wconf 88' lang='lat' dir='ltr'>cont-ra</span> 
     </span>
    </p>
   </div>
   <div class='ocr_carea' id='block_1_7' title="bbox 9 2343 1233 2538">
    <p class='ocr_par' dir='ltr' id='par_1_7' title="bbox 9 2343 1233 2538">
     <span class='ocr_line' id='line_1_19' title="bbox 9 2343 1230 2426; baseline 0.001 -20"><span class='ocrx_word' id='word_1_145' title='bbox 9 2349 11 2390; x_wconf 65' lang='lat' dir='ltr'>l</span> <span class='ocrx_word' id='word_1_146' title='bbox 107 2343 256 2422; x_wconf 79' lang='lat' dir='ltr'>Turoum,</span> <span class='ocrx_word' id='word_1_147' title='bbox 284 2367 380 2426; x_wconf 84' lang='lat' dir='ltr'>quarn</span> <span class='ocrx_word' id='word_1_148' title='bbox 406 2345 438 2407; x_wconf 93' lang='lat' dir='ltr'>in</span> <span class='ocrx_word' id='word_1_149' title='bbox 464 2347 644 2410; x_wconf 89' lang='lat' dir='ltr'>muniendis</span> <span class='ocrx_word' id='word_1_150' title='bbox 671 2349 768 2410; x_wconf 87' lang='lat' dir='ltr'>terris</span> <span class='ocrx_word' id='word_1_151' title='bbox 793 2353 825 2410; x_wconf 92' lang='lat' dir='ltr'>et</span> <span class='ocrx_word' id='word_1_152' title='bbox 850 2347 929 2410; x_wconf 90' lang='lat' dir='ltr'>loeis</span> <span class='ocrx_word' id='word_1_153' title='bbox 950 2346 1070 2409; x_wconf 89' lang='lat' dir='ltr'>nostris</span> <span class='ocrx_word' id='word_1_154' title='bbox 1087 2343 1230 2407; x_wconf 82' lang='lat' dir='ltr'>finitimis</span> 
     </span>
     <span class='ocr_line' id='line_1_20' title="bbox 9 2433 1233 2538; baseline -0.001 -23"><span class='ocrx_word' id='word_1_155' title='bbox 9 2433 11 2454; x_wconf 26' lang='grc' dir='ltr'><strong>Ε</strong></span> <span class='ocrx_word' id='word_1_156' title='bbox 107 2453 193 2516; x_wconf 92' lang='lat' dir='ltr'>hosti</span> <span class='ocrx_word' id='word_1_157' title='bbox 219 2452 372 2535; x_wconf 87' lang='lat' dir='ltr'>gentibus</span> <span class='ocrx_word' id='word_1_158' title='bbox 405 2460 437 2518; x_wconf 92' lang='lat' dir='ltr'>et</span> <span class='ocrx_word' id='word_1_159' title='bbox 468 2455 627 2538; x_wconf 86' lang='lat' dir='ltr'>presidijs,</span> <span class='ocrx_word' id='word_1_160' title='bbox 656 2455 831 2519; x_wconf 88' lang='lat' dir='ltr'>obtulimus</span> <span class='ocrx_word' id='word_1_161' title='bbox 866 2460 974 2519; x_wconf 88' lang='lat' dir='ltr'>tamen</span> <span class='ocrx_word' id='word_1_162' title='bbox 999 2475 1058 2536; x_wconf 92' lang='lat' dir='ltr'>pro</span> <span class='ocrx_word' id='word_1_163' title='bbox 1084 2451 1233 2535; x_wconf 90' lang='lat' dir='ltr'>portione</span> 
     </span>
    </p>
   </div>
   <div class='ocr_carea' id='block_1_8' title="bbox 9 2557 1232 2642">
    <p class='ocr_par' dir='ltr' id='par_1_8' title="bbox 9 2557 1232 2642">
     <span class='ocr_line' id='line_1_21' title="bbox 9 2557 1232 2642; baseline -0.001 -19"><span class='ocrx_word' id='word_1_164' title='bbox 9 2557 11 2580; x_wconf 91' lang='lat'>&#39;</span> <span class='ocrx_word' id='word_1_165' title='bbox 107 2567 220 2625; x_wconf 85' lang='lat' dir='ltr'>nostra</span> <span class='ocrx_word' id='word_1_166' title='bbox 236 2563 431 2625; x_wconf 88' lang='lat' dir='ltr'>mensuatim</span> <span class='ocrx_word' id='word_1_167' title='bbox 448 2563 583 2626; x_wconf 84' lang='lat' dir='ltr'>ducatos</span> <span class='ocrx_word' id='word_1_168' title='bbox 603 2563 662 2626; x_wconf 87' lang='grc' dir='ltr'>ΠΙ</span> <span class='ocrx_word' id='word_1_169' title='bbox 680 2562 794 2642; x_wconf 87' lang='lat' dir='ltr'>millia,</span> <span class='ocrx_word' id='word_1_170' title='bbox 809 2584 868 2626; x_wconf 89' lang='lat' dir='ltr'>nec</span> <span class='ocrx_word' id='word_1_171' title='bbox 895 2560 1079 2640; x_wconf 82' lang='lat' dir='ltr'>deiecimus,</span> <span class='ocrx_word' id='word_1_172' title='bbox 1096 2581 1155 2624; x_wconf 89' lang='lat' dir='ltr'>nec</span> <span class='ocrx_word' id='word_1_173' title='bbox 1180 2559 1232 2623; x_wconf 91' lang='lat' dir='ltr'>de-</span> 
     </span>
    </p>
   </div>
   <div class='ocr_carea' id='block_1_9' title="bbox 9 2667 1271 3400">
    <p class='ocr_par' dir='ltr' id='par_1_9' title="bbox 9 2667 1271 3400">
     <span class='ocr_line' id='line_1_22' title="bbox 107 2667 1231 2752; baseline -0.001 -22"><span class='ocrx_word' id='word_1_174' title='bbox 107 2667 207 2732; x_wconf 83' lang='lat' dir='ltr'>futuri</span> <span class='ocrx_word' id='word_1_175' title='bbox 224 2689 334 2733; x_wconf 87' lang='lat' dir='ltr'>sumus</span> <span class='ocrx_word' id='word_1_176' title='bbox 349 2669 382 2732; x_wconf 90' lang='lat' dir='ltr'>in</span> <span class='ocrx_word' id='word_1_177' title='bbox 398 2669 516 2750; x_wconf 87' lang='lat' dir='ltr'>aliquo,</span> <span class='ocrx_word' id='word_1_178' title='bbox 534 2675 570 2732; x_wconf 90' lang='lat' dir='ltr'>nt</span> <span class='ocrx_word' id='word_1_179' title='bbox 587 2671 701 2733; x_wconf 84' lang='lat' dir='ltr'>celeris</span> <span class='ocrx_word' id='word_1_180' title='bbox 711 2671 853 2752; x_wconf 89' lang='lat' dir='ltr'>provisio</span> <span class='ocrx_word' id='word_1_181' title='bbox 864 2669 960 2735; x_wconf 89' lang='lat' dir='ltr'>rebus</span> <span class='ocrx_word' id='word_1_182' title='bbox 977 2669 1149 2750; x_wconf 83' lang='lat' dir='ltr'>Hungarie</span> <span class='ocrx_word' id='word_1_183' title='bbox 1166 2667 1231 2730; x_wconf 90' lang='lat' dir='ltr'>fiat.</span> 
     </span>
     <span class='ocr_line' id='line_1_23' title="bbox 108 2773 1234 2844; baseline -0.007 1.353"><span class='ocrx_word' id='word_1_184' title='bbox 108 2777 233 2842; x_wconf 79' lang='lat' dir='ltr'>Scimus</span> <span class='ocrx_word' id='word_1_185' title='bbox 250 2773 416 2840; x_wconf 84' lang='lat' dir='ltr'>Summum</span> <span class='ocrx_word' id='word_1_186' title='bbox 428 2776 619 2841; x_wconf 90' lang='lat' dir='ltr'>Pontificem</span> <span class='ocrx_word' id='word_1_187' title='bbox 639 2779 779 2842; x_wconf 82' lang='lat' dir='ltr'>mississe</span> <span class='ocrx_word' id='word_1_188' title='bbox 792 2779 964 2844; x_wconf 88' lang='lat' dir='ltr'>Oratorem</span> <span class='ocrx_word' id='word_1_189' title='bbox 976 2798 1145 2842; x_wconf 92' lang='lat' dir='ltr'>suumuna</span> <span class='ocrx_word' id='word_1_190' title='bbox 1162 2796 1234 2838; x_wconf 88' lang='lat' dir='ltr'>cum</span> 
     </span>
     <span class='ocr_line' id='line_1_24' title="bbox 9 2863 1271 2968; baseline -0.003 -19"><span class='ocrx_word' id='word_1_191' title='bbox 9 2863 12 2876; x_wconf 32' lang='grc' dir='ltr'>Ι</span> <span class='ocrx_word' id='word_1_192' title='bbox 109 2882 248 2949; x_wconf 87' lang='lat' dir='ltr'>Oratore</span> <span class='ocrx_word' id='word_1_193' title='bbox 274 2883 394 2966; x_wconf 86' lang='lat' dir='ltr'>prefati</span> <span class='ocrx_word' id='word_1_194' title='bbox 429 2883 634 2948; x_wconf 83' lang='lat' dir='ltr'>Serenissimi</span> <span class='ocrx_word' id='word_1_195' title='bbox 669 2885 770 2968; x_wconf 84' lang='lat' dir='ltr'>Regis</span> <span class='ocrx_word' id='word_1_196' title='bbox 805 2885 847 2949; x_wconf 92' lang='lat' dir='ltr'>ad</span> <span class='ocrx_word' id='word_1_197' title='bbox 872 2886 1036 2967; x_wconf 86' lang='lat' dir='ltr'>potentias</span> <span class='ocrx_word' id='word_1_198' title='bbox 1061 2883 1166 2948; x_wconf 83' lang='lat' dir='ltr'>Italas</span> <span class='ocrx_word' id='word_1_199' title='bbox 1192 2881 1235 2946; x_wconf 90' lang='lat' dir='ltr'>ad</span> <span class='ocrx_word' id='word_1_200' title='bbox 1268 2882 1271 2886; x_wconf 82' lang='grc'><strong>’</strong></span> 
     </span>
     <span class='ocr_line' id='line_1_25' title="bbox 109 2989 1234 3076; baseline -0.003 -20"><span class='ocrx_word' id='word_1_201' title='bbox 109 2993 331 3074; x_wconf 83' lang='lat' dir='ltr'>exequendum</span> <span class='ocrx_word' id='word_1_202' title='bbox 346 2993 431 3056; x_wconf 88' lang='lat' dir='ltr'>hunc</span> <span class='ocrx_word' id='word_1_203' title='bbox 448 2992 606 3076; x_wconf 86' lang='lat' dir='ltr'>effectum,</span> <span class='ocrx_word' id='word_1_204' title='bbox 632 3017 753 3076; x_wconf 89' lang='lat' dir='ltr'>nosque</span> <span class='ocrx_word' id='word_1_205' title='bbox 778 3001 811 3058; x_wconf 85' lang='lat' dir='ltr'>et</span> <span class='ocrx_word' id='word_1_206' title='bbox 838 3017 895 3076; x_wconf 89' lang='lat' dir='ltr'>per</span> <span class='ocrx_word' id='word_1_207' title='bbox 920 2994 1061 3058; x_wconf 89' lang='lat' dir='ltr'>medium</span> <span class='ocrx_word' id='word_1_208' title='bbox 1088 2989 1234 3058; x_wconf 84' lang='lat' dir='ltr'>Secreta·</span> 
     </span>
     <span class='ocr_line' id='line_1_26' title="bbox 108 3101 1235 3185; baseline -0.002 -23"><span class='ocrx_word' id='word_1_209' title='bbox 108 3101 181 3181; x_wconf 81' lang='lat' dir='ltr'>tarij</span> <span class='ocrx_word' id='word_1_210' title='bbox 200 3102 312 3179; x_wconf 80' lang='lat' dir='ltr'>nostri,</span> <span class='ocrx_word' id='word_1_211' title='bbox 330 3124 423 3184; x_wconf 91' lang='lat' dir='ltr'>quem</span> <span class='ocrx_word' id='word_1_212' title='bbox 440 3101 480 3166; x_wconf 89' lang='lat' dir='ltr'>ob</span> <span class='ocrx_word' id='word_1_213' title='bbox 497 3103 557 3166; x_wconf 88' lang='lat' dir='ltr'>hoc</span> <span class='ocrx_word' id='word_1_214' title='bbox 576 3110 722 3166; x_wconf 88' lang='lat' dir='ltr'>tenemus</span> <span class='ocrx_word' id='word_1_215' title='bbox 739 3102 826 3185; x_wconf 90' lang='lat' dir='ltr'>apud</span> <span class='ocrx_word' id='word_1_216' title='bbox 837 3102 1080 3167; x_wconf 89' lang='lat' dir='ltr'>Beatitudinem</span> <span class='ocrx_word' id='word_1_217' title='bbox 1092 3101 1193 3168; x_wconf 84' lang='lat' dir='ltr'>Suam</span> <span class='ocrx_word' id='word_1_218' title='bbox 1203 3102 1235 3162; x_wconf 92' lang='lat' dir='ltr'>et</span> 
     </span>
     <span class='ocr_line' id='line_1_27' title="bbox 111 3209 1235 3290; baseline -0.001 -18"><span class='ocrx_word' id='word_1_219' title='bbox 111 3230 164 3290; x_wconf 88' lang='lat' dir='ltr'>per</span> <span class='ocrx_word' id='word_1_220' title='bbox 180 3209 351 3272; x_wconf 88' lang='lat' dir='ltr'>continuas</span> <span class='ocrx_word' id='word_1_221' title='bbox 369 3216 399 3272; x_wconf 88' lang='lat' dir='ltr'>et</span> <span class='ocrx_word' id='word_1_222' title='bbox 417 3211 563 3274; x_wconf 86' lang='lat' dir='ltr'>assiduas</span> <span class='ocrx_word' id='word_1_223' title='bbox 589 3211 718 3274; x_wconf 84' lang='lat' dir='ltr'>litteras</span> <span class='ocrx_word' id='word_1_224' title='bbox 744 3218 874 3276; x_wconf 89' lang='lat' dir='ltr'>nostras</span> <span class='ocrx_word' id='word_1_225' title='bbox 900 3210 982 3274; x_wconf 92' lang='lat' dir='ltr'>nihil</span> <span class='ocrx_word' id='word_1_226' title='bbox 1008 3211 1138 3274; x_wconf 87' lang='lat' dir='ltr'>omnino</span> <span class='ocrx_word' id='word_1_227' title='bbox 1164 3229 1235 3290; x_wconf 88' lang='lat' dir='ltr'>pre-</span> 
     </span>
     <span class='ocr_line' id='line_1_28' title="bbox 111 3317 1237 3400; baseline -0.002 -20"><span class='ocrx_word' id='word_1_228' title='bbox 111 3318 329 3395; x_wconf 73' lang='lat' dir='ltr'>termittimus</span> <span class='ocrx_word' id='word_1_229' title='bbox 353 3324 390 3382; x_wconf 92' lang='lat' dir='ltr'>ut</span> <span class='ocrx_word' id='word_1_230' title='bbox 415 3317 560 3400; x_wconf 89' lang='lat' dir='ltr'>quotidie</span> <span class='ocrx_word' id='word_1_231' title='bbox 587 3317 761 3383; x_wconf 84' lang='lat' dir='ltr'>ferventius</span> <span class='ocrx_word' id='word_1_232' title='bbox 788 3319 948 3383; x_wconf 89' lang='lat' dir='ltr'>animetur</span> <span class='ocrx_word' id='word_1_233' title='bbox 979 3318 1022 3382; x_wconf 89' lang='lat' dir='ltr'>ad</span> <span class='ocrx_word' id='word_1_234' title='bbox 1046 3339 1115 3381; x_wconf 86' lang='lat' dir='ltr'>rem</span> <span class='ocrx_word' id='word_1_235' title='bbox 1139 3317 1237 3380; x_wconf 88' lang='lat' dir='ltr'>istam</span> 
     </span>
    </p>
   </div>
   <div class='ocr_carea' id='block_1_10' title="bbox 9 3422 1236 3508">
    <p class='ocr_par' dir='ltr' id='par_1_10' title="bbox 9 3422 1236 3508">
     <span class='ocr_line' id='line_1_29' title="bbox 9 3422 1236 3508; baseline 0 -22"><span class='ocrx_word' id='word_1_236' title='bbox 9 3425 16 3447; x_wconf 49' lang='lat' dir='ltr'>t</span> <span class='ocrx_word' id='word_1_237' title='bbox 112 3425 212 3489; x_wconf 78' lang='lat' dir='ltr'>votive</span> <span class='ocrx_word' id='word_1_238' title='bbox 229 3422 472 3506; x_wconf 86' lang='lat' dir='ltr'>expediendam,</span> <span class='ocrx_word' id='word_1_239' title='bbox 490 3427 574 3488; x_wconf 90' lang='lat' dir='ltr'>sicut</span> <span class='ocrx_word' id='word_1_240' title='bbox 585 3426 655 3504; x_wconf 88' lang='lat' dir='ltr'>sibi,</span> <span class='ocrx_word' id='word_1_241' title='bbox 673 3427 728 3507; x_wconf 94' lang='lat' dir='ltr'>qui</span> <span class='ocrx_word' id='word_1_242' title='bbox 745 3426 894 3508; x_wconf 90' lang='lat' dir='ltr'>princeps</span> <span class='ocrx_word' id='word_1_243' title='bbox 911 3432 959 3491; x_wconf 89' lang='lat' dir='ltr'>est</span> <span class='ocrx_word' id='word_1_244' title='bbox 977 3427 1236 3502; x_wconf 87' lang='lat' dir='ltr'>christianorum,</span> 
     </span>
    </p>
   </div>
   <div class='ocr_carea' id='block_1_11' title="bbox 113 3531 1238 3618">
    <p class='ocr_par' dir='ltr' id='par_1_11' title="bbox 113 3531 1238 3618">
     <span class='ocr_line' id='line_1_30' title="bbox 113 3531 1238 3618; baseline -0.001 -25"><span class='ocrx_word' id='word_1_245' title='bbox 113 3533 267 3614; x_wconf 89' lang='lat' dir='ltr'>imprimis</span> <span class='ocrx_word' id='word_1_246' title='bbox 292 3532 458 3612; x_wconf 84' lang='lat' dir='ltr'>incumbit,</span> <span class='ocrx_word' id='word_1_247' title='bbox 485 3555 581 3613; x_wconf 83' lang='lat' dir='ltr'>agere</span> <span class='ocrx_word' id='word_1_248' title='bbox 608 3555 680 3597; x_wconf 86' lang='lat' dir='ltr'>curn</span> <span class='ocrx_word' id='word_1_249' title='bbox 706 3534 830 3614; x_wconf 84' lang='lat' dir='ltr'>effectu,</span> <span class='ocrx_word' id='word_1_250' title='bbox 856 3539 892 3597; x_wconf 90' lang='lat' dir='ltr'>ut</span> <span class='ocrx_word' id='word_1_251' title='bbox 918 3533 975 3618; x_wconf 85' lang='lat' dir='ltr'>alij</span> <span class='ocrx_word' id='word_1_252' title='bbox 1003 3555 1060 3597; x_wconf 89' lang='lat' dir='ltr'>suo</span> <span class='ocrx_word' id='word_1_253' title='bbox 1092 3531 1238 3612; x_wconf 82' lang='lat' dir='ltr'>exemplo</span> 
     </span>
    </p>
   </div>
   <div class='ocr_carea' id='block_1_12' title="bbox 17 3638 1238 3723">
    <p class='ocr_par' dir='ltr' id='par_1_12' title="bbox 17 3638 1238 3723">
     <span class='ocr_line' id='line_1_31' title="bbox 17 3638 1238 3723; baseline -0.003 -19"><span class='ocrx_word' id='word_1_254' title='bbox 17 3652 22 3661; x_wconf 89' lang='grc'><strong>“</strong></span> <span class='ocrx_word' id='word_1_255' title='bbox 113 3643 190 3704; x_wconf 89' lang='lat' dir='ltr'>moti</span> <span class='ocrx_word' id='word_1_256' title='bbox 221 3639 383 3704; x_wconf 80' lang='lat' dir='ltr'>faciliores</span> <span class='ocrx_word' id='word_1_257' title='bbox 408 3638 589 3704; x_wconf 88' lang='lat' dir='ltr'>reddantur</span> <span class='ocrx_word' id='word_1_258' title='bbox 615 3641 657 3703; x_wconf 89' lang='lat' dir='ltr'>ad</span> <span class='ocrx_word' id='word_1_259' title='bbox 683 3641 792 3704; x_wconf 89' lang='lat' dir='ltr'>omnia</span> <span class='ocrx_word' id='word_1_260' title='bbox 820 3641 974 3706; x_wconf 85' lang='lat' dir='ltr'>facienda.</span> <span class='ocrx_word' id='word_1_261' title='bbox 1002 3639 1180 3723; x_wconf 74' lang='lat' dir='ltr'>Speremus</span> <span class='ocrx_word' id='word_1_262' title='bbox 1206 3642 1238 3700; x_wconf 93' lang='lat' dir='ltr'>et</span> 
     </span>
    </p>
   </div>
   <div class='ocr_carea' id='block_1_13' title="bbox 21 3747 1241 4484">
    <p class='ocr_par' dir='ltr' id='par_1_13' title="bbox 21 3747 1241 4484">
     <span class='ocr_line' id='line_1_32' title="bbox 113 3747 1239 3832; baseline 0 -22"><span class='ocrx_word' id='word_1_263' title='bbox 113 3753 258 3812; x_wconf 88' lang='lat' dir='ltr'>tenemus</span> <span class='ocrx_word' id='word_1_264' title='bbox 283 3769 351 3812; x_wconf 91' lang='lat' dir='ltr'>rem</span> <span class='ocrx_word' id='word_1_265' title='bbox 376 3748 459 3812; x_wconf 90' lang='lat' dir='ltr'>hanc</span> <span class='ocrx_word' id='word_1_266' title='bbox 484 3749 604 3831; x_wconf 85' lang='lat' dir='ltr'>optime</span> <span class='ocrx_word' id='word_1_267' title='bbox 639 3771 869 3832; x_wconf 84' lang='lat' dir='ltr'>successuram,</span> <span class='ocrx_word' id='word_1_268' title='bbox 905 3750 1139 3830; x_wconf 86' lang='lat' dir='ltr'>hortamurque</span> <span class='ocrx_word' id='word_1_269' title='bbox 1166 3747 1239 3812; x_wconf 89' lang='lat' dir='ltr'>ideo</span> 
     </span>
     <span class='ocr_line' id='line_1_33' title="bbox 21 3856 1238 3946; baseline -0.001 -26"><span class='ocrx_word' id='word_1_270' title='bbox 21 3941 24 3946; x_wconf 25' lang='grc' dir='ltr'>Ι</span> <span class='ocrx_word' id='word_1_271' title='bbox 113 3858 285 3938; x_wconf 88' lang='lat' dir='ltr'>plurimum</span> <span class='ocrx_word' id='word_1_272' title='bbox 320 3857 598 3940; x_wconf 83' lang='lat' dir='ltr'>Magnificentiam</span> <span class='ocrx_word' id='word_1_273' title='bbox 622 3857 731 3936; x_wconf 81' lang='lat' dir='ltr'>Suam,</span> <span class='ocrx_word' id='word_1_274' title='bbox 756 3866 793 3922; x_wconf 92' lang='lat' dir='ltr'>ut</span> <span class='ocrx_word' id='word_1_275' title='bbox 830 3860 910 3923; x_wconf 93' lang='lat' dir='ltr'>bono</span> <span class='ocrx_word' id='word_1_276' title='bbox 939 3858 1045 3923; x_wconf 90' lang='lat' dir='ltr'>animo</span> <span class='ocrx_word' id='word_1_277' title='bbox 1071 3856 1170 3922; x_wconf 90' lang='lat' dir='ltr'>vadat</span> <span class='ocrx_word' id='word_1_278' title='bbox 1195 3857 1238 3920; x_wconf 94' lang='lat' dir='ltr'>ad</span> 
     </span>
     <span class='ocr_line' id='line_1_34' title="bbox 116 3962 1241 4050; baseline -0.007 -20"><span class='ocrx_word' id='word_1_279' title='bbox 116 3966 280 4030; x_wconf 76' lang='lat' dir='ltr'>Sunnnum</span> <span class='ocrx_word' id='word_1_280' title='bbox 297 3965 497 4048; x_wconf 89' lang='lat' dir='ltr'>Pontificem,</span> <span class='ocrx_word' id='word_1_281' title='bbox 524 3974 753 4032; x_wconf 88' lang='lat' dir='ltr'>commemoret</span> <span class='ocrx_word' id='word_1_282' title='bbox 778 3967 970 4050; x_wconf 82' lang='lat' dir='ltr'>gravissima</span> <span class='ocrx_word' id='word_1_283' title='bbox 987 3965 1131 4048; x_wconf 89' lang='lat' dir='ltr'>pericula</span> <span class='ocrx_word' id='word_1_284' title='bbox 1147 3962 1241 4045; x_wconf 86' lang='lat' dir='ltr'>regni</span> 
     </span>
     <span class='ocr_line' id='line_1_35' title="bbox 115 4068 1240 4158; baseline -0.004 -23"><span class='ocrx_word' id='word_1_285' title='bbox 115 4073 413 4153; x_wconf 80' lang='lat' dir='ltr'>etolnistianornrn,</span> <span class='ocrx_word' id='word_1_286' title='bbox 431 4075 635 4158; x_wconf 85' lang='lat' dir='ltr'>solicitetque</span> <span class='ocrx_word' id='word_1_287' title='bbox 653 4097 691 4138; x_wconf 84' lang='lat' dir='ltr'>ex</span> <span class='ocrx_word' id='word_1_288' title='bbox 709 4080 799 4157; x_wconf 90' lang='lat' dir='ltr'>parte</span> <span class='ocrx_word' id='word_1_289' title='bbox 817 4096 874 4137; x_wconf 88' lang='lat' dir='ltr'>sua</span> <span class='ocrx_word' id='word_1_290' title='bbox 891 4075 985 4155; x_wconf 82' lang='lat' dir='ltr'>hujus</span> <span class='ocrx_word' id='word_1_291' title='bbox 1002 4073 1050 4136; x_wconf 91' lang='lat' dir='ltr'>rei</span> <span class='ocrx_word' id='word_1_292' title='bbox 1070 4068 1240 4152; x_wconf 77' lang='lat' dir='ltr'>perfectio-</span> 
     </span>
     <span class='ocr_line' id='line_1_36' title="bbox 117 4179 1239 4266; baseline -0.004 -22"><span class='ocrx_word' id='word_1_293' title='bbox 117 4205 193 4263; x_wconf 92' lang='lat' dir='ltr'>nem,</span> <span class='ocrx_word' id='word_1_294' title='bbox 211 4205 250 4246; x_wconf 87' lang='lat' dir='ltr'>ao</span> <span class='ocrx_word' id='word_1_295' title='bbox 274 4186 446 4264; x_wconf 86' lang='lat' dir='ltr'>presertim</span> <span class='ocrx_word' id='word_1_296' title='bbox 472 4184 614 4249; x_wconf 88' lang='lat' dir='ltr'>debitam</span> <span class='ocrx_word' id='word_1_297' title='bbox 640 4186 821 4266; x_wconf 87' lang='lat' dir='ltr'>portionem</span> <span class='ocrx_word' id='word_1_298' title='bbox 847 4206 905 4265; x_wconf 90' lang='lat' dir='ltr'>per</span> <span class='ocrx_word' id='word_1_299' title='bbox 930 4181 969 4246; x_wconf 89' lang='lat' dir='ltr'>B.</span> <span class='ocrx_word' id='word_1_300' title='bbox 996 4180 1097 4245; x_wconf 83' lang='lat' dir='ltr'>Suam</span> <span class='ocrx_word' id='word_1_301' title='bbox 1122 4179 1239 4243; x_wconf 85' lang='lat' dir='ltr'>sacien-</span> 
     </span>
     <span class='ocr_line' id='line_1_37' title="bbox 119 4291 1239 4375; baseline -0.005 -22"><span class='ocrx_word' id='word_1_302' title='bbox 119 4292 199 4371; x_wconf 87' lang='lat' dir='ltr'>dam,</span> <span class='ocrx_word' id='word_1_303' title='bbox 216 4297 248 4358; x_wconf 88' lang='lat' dir='ltr'>et</span> <span class='ocrx_word' id='word_1_304' title='bbox 263 4313 322 4356; x_wconf 89' lang='lat' dir='ltr'>nos</span> <span class='ocrx_word' id='word_1_305' title='bbox 339 4294 421 4357; x_wconf 87' lang='lat' dir='ltr'>sicut</span> <span class='ocrx_word' id='word_1_306' title='bbox 437 4293 647 4375; x_wconf 72' lang='lat' dir='ltr'>prediximus</span> <span class='ocrx_word' id='word_1_307' title='bbox 664 4313 830 4372; x_wconf 90' lang='lat' dir='ltr'>nunquam</span> <span class='ocrx_word' id='word_1_308' title='bbox 850 4291 990 4356; x_wconf 79' lang='lat' dir='ltr'>defuturi</span> <span class='ocrx_word' id='word_1_309' title='bbox 1009 4291 1076 4354; x_wconf 86' lang='lat' dir='ltr'>ulla</span> <span class='ocrx_word' id='word_1_310' title='bbox 1093 4294 1239 4372; x_wconf 81' lang='lat' dir='ltr'>exparte</span> 
     </span>
     <span class='ocr_line' id='line_1_38' title="bbox 120 4397 980 4484; baseline 0.002 -24"><span class='ocrx_word' id='word_1_311' title='bbox 120 4419 225 4462; x_wconf 81' lang='lat' dir='ltr'>sumus</span> <span class='ocrx_word' id='word_1_312' title='bbox 244 4400 283 4464; x_wconf 92' lang='lat' dir='ltr'>de</span> <span class='ocrx_word' id='word_1_313' title='bbox 300 4401 339 4482; x_wconf 87' lang='lat' dir='ltr'>ijs</span> <span class='ocrx_word' id='word_1_314' title='bbox 357 4401 515 4484; x_wconf 88' lang='lat' dir='ltr'>omnibns,</span> <span class='ocrx_word' id='word_1_315' title='bbox 533 4423 594 4484; x_wconf 92' lang='lat' dir='ltr'>que</span> <span class='ocrx_word' id='word_1_316' title='bbox 612 4423 632 4464; x_wconf 93' lang='lat' dir='ltr'>a</span> <span class='ocrx_word' id='word_1_317' title='bbox 648 4400 740 4465; x_wconf 87' lang='lat' dir='ltr'>nobis</span> <span class='ocrx_word' id='word_1_318' title='bbox 757 4397 826 4462; x_wconf 88' lang='lat' dir='ltr'>fieri</span> <span class='ocrx_word' id='word_1_319' title='bbox 846 4401 980 4482; x_wconf 88' lang='lat' dir='ltr'>possint.</span> 
     </span>
    </p>
   </div>
   <div class='ocr_carea' id='block_1_14' title="bbox 0 0 1655 5308">
    <p class='ocr_par' dir='ltr' id='par_1_14' title="bbox 0 0 1655 5308">
     <span class='ocr_line' id='line_1_39' title="bbox 0 0 1655 5308; baseline 0 0"><span class='ocrx_word' id='word_1_320' title='bbox 0 0 1655 5308; x_wconf 95' lang='lat' dir='ltr'> </span> 
     </span>
    </p>
   </div>
  </div>
 </body>
</html>
