3292 5310
357 367 399 433 14
703 376 938 434 nrrnouuoz'mr'
961 363 1127 432 nuuhrnu.

354 551 466 630 vimus,
482 548 509 612 si
525 547 652 629 publice
668 549 810 612 omnium
823 547 924 630 quieti
935 546 1182 625 consuleremus,
1199 547 1227 610 si
1237 545 1378 626 denique
1390 549 1481 607 scuto

354 656 431 722 fidei
446 656 562 722 muniti
576 677 668 720 arma
679 676 867 738 caperemus
884 676 944 737 pro
961 655 1089 718 comuni
1105 675 1205 718 causa
1221 652 1297 717 fidei
1317 651 1480 716 Oristiane

355 766 390 829 in
405 765 533 830 hostem
548 762 708 846 perfidum
724 763 866 828 Turnum
883 761 1071 827 exercenda.
1088 759 1125 825 Is
1142 761 1219 825 licet
1243 759 1356 824 fractis
1389 781 1480 842 supe-

355 874 435 937 riori
452 882 674 956 congressione
691 873 811 937 viribus
828 873 969 954 turpiter
985 871 1019 933 in
1036 868 1147 952 lugam
1163 889 1274 934 versus
1300 869 1351 950 sit,
1367 874 1479 932 tamen

357 1002 420 1046 non
439 981 546 1044 minus
557 1001 629 1063 spes
640 977 782 1059 victorie,
792 999 890 1061 quam
900 979 934 1041 in
944 977 1068 1041 ultione
1079 976 1204 1058 accepti
1215 976 1355 1039 vulneris
1365 995 1479 1039 rursus

354 1088 433 1153 belli
448 1087 612 1152 fortunam
630 1087 772 1169 experiri
788 1085 904 1150 statuit
920 1105 1050 1167 preesse
1067 1083 1148 1164 aliis,
1164 1083 1289 1165 flagrat,
1300 1088 1332 1146 et
1348 1084 1480 1165 Europe

355 1196 491 1278 imperio
508 1195 617 1277 potiri,
634 1216 674 1258 ex
690 1215 752 1276 quo
769 1190 961 1274 ambigimus
979 1191 1019 1254 de
1030 1189 1107 1254 fide:
1125 1211 1167 1254 an
1177 1190 1313 1272 imperio
1325 1190 1429 1274 magis
1440 1189 1483 1252 sit

357 1303 546 1367 certaturus.
563 1299 651 1366 Nam
666 1321 751 1364 nuno
769 1320 896 1381 quoque
914 1304 988 1363 ante
1006 1298 1259 1380 experimentum
1275 1296 1354 1362 belli
1364 1297 1481 1362 fidutia
1522 1373 1523 1376 Ἴ

355 1409 493 1492 Vinium,
508 1409 542 1473 in
558 1408 636 1491 ipsis
652 1427 755 1491 prope
770 1405 893 1470 foribus
908 1406 985 1471 fidei
996 1411 1208 1488 persecuntor
1219 1404 1320 1485 adest,
1337 1404 1481 1487 quotidie

358 1519 490 1602 propius
507 1517 641 1597 accedit,
667 1521 778 1580 nostra
795 1515 892 1598 rapit,
909 1519 1022 1580 nostra
1038 1514 1168 1597 spoliat,
1184 1513 1269 1578 ferro
1285 1513 1318 1576 in
1333 1510 1480 1577 homines

354 1624 477 1688 intecta
487 1621 534 1706 (P)
544 1623 653 1704 Regni
670 1627 848 1703 grassatur,
865 1621 1004 1703 denique
1020 1621 1098 1686 cede
1115 1626 1149 1685 et
1165 1622 1319 1703 sangvine
1335 1619 1480 1684 fidelium

354 1733 462 1797 omnia
505 1731 646 1812 complet
677 1731 711 1793 in
745 1727 926 1794 Christiani
965 1729 1105 1795 nominis
1146 1735 1372 1812 contemptum.
1413 1727 1482 1793 Nos
1538 1725 1544 1734 “

355 1845 462 1904 autem
479 1858 550 1901 cum
566 1836 785 1920 intelligamus
811 1837 918 1901 nullas
936 1858 1005 1901 1111
1035 1838 1201 1901 hominum
1231 1837 1385 1902 adversus
1415 1834 1482 1900 Dei

354 1947 584 2030 omnipotentis
600 1947 702 2010 vires:
730 1967 802 2028 spes
819 1951 946 2010 nostras
963 1947 997 2010 in
1014 1966 1050 2009 eo
1067 1945 1221 2026 locamus,
1239 1945 1294 2028 qui
1310 1966 1375 2009 non
1391 1946 1482 2011 dese-

353 2055 398 2118 rit
416 2060 580 2136 sperantes
598 2055 634 2117 11
651 2074 692 2118 se.
709 2049 864 2117 Ceterum
879 2074 919 2118 ne
936 2051 1105 2117 inferiores
1126 2053 1293 2118 videamur
1305 2052 1481 2116 virtutibus

352 2161 508 2244 paternis,
534 2161 601 2244 ejus
627 2159 764 2242 vestigia
789 2161 880 2243 sequi
906 2159 1113 2242 decrevimus,
1146 2161 1201 2242 qui
1226 2181 1329 2242 nuper
1353 2160 1482 2226 hostem

353 2263 459 2351 ipsum
491 2269 638 2334 terrestri
665 2268 839 2348 navalique
864 2267 968 2348 prelio
995 2272 1190 2348 superatum,
1215 2266 1377 2350 trepidum
1402 2269 1482 2332 reoi-

353 2396 431 2458 pere
448 2377 531 2440 sein
556 2375 689 2458 propria
714 2375 829 2456 coegit.
854 2373 1023 2439 Habemus
1037 2363 1160 2437 'autem
1190 2379 1325 2454 paterne
1355 2375 1482 2438 virtutis

351 2483 510 2548 imitanda
535 2503 701 2548 suasorem
725 2481 868 2564 legatum
895 2479 1008 2547 Sancti
1034 2477 1156 2563 Angeli
1171 2482 1282 2562 magni
1309 2481 1481 2566 inprimis

354 2591 468 2674 oonsilj
485 2591 589 2654 virum
606 2611 644 2654 ac
660 2591 747 2654 omni
763 2591 882 2654 virtute
909 2593 1120 2670 prestantem,
1152 2589 1208 2670 qui
1235 2609 1294 2652 nos
1326 2587 1368 2652 ad
1398 2588 1481 2652 hanc

354 2704 503 2764 sanctam
528 2697 765 2778 expeditionem
790 2697 936 2779 quotidie
960 2696 1120 2776 hortatur,
1155 2717 1219 2779 qua
1244 2696 1335 2761 nulla
1360 2697 1480 2777 utilior,

353 2807 443 2872 nulla
459 2806 632 2891 gloriosior
648 2827 718 2871 1111
734 2811 851 2887 potest,
868 2804 1044 2885 affirmans,
1062 2806 1164 2871 sinos
1181 2804 1224 2869 ad
1249 2805 1333 2870 hanc
1357 2805 1480 2888 precla-

352 2937 425 2980 ram
441 2916 680 2999 expeditionem
697 2913 811 2979 ducem
821 2913 1054 2996 prebuerimus:
1072 2913 1233 2995 principes
1244 2910 1421 2994 Oatolicos,
1438 2913 1481 2977 ad

353 3043 434 3106 quos
451 3021 512 3087 hoo
529 3043 609 3086 onus
625 3021 702 3085 fidei
717 3041 782 3085 non
798 3021 903 3083 minus
928 3019 1078 3102 pertinet,
1102 3019 1297 3084 instantium
1321 3020 1480 3103 periculo-

353 3151 424 3193 rum
450 3149 617 3208 memores,
642 3126 793 3193 habunde
817 3128 911 3193 nobis
936 3125 1079 3209 presidia
1105 3126 1239 3192 laturos
1263 3129 1310 3193 Et
1335 3129 1480 3210 quamvis

354 3235 475 3300 subditi
491 3235 598 3316 Regni
613 3233 730 3299 Nostri
755 3235 798 3299 ad
812 3234 874 3298 hoc
889 3255 991 3316 usque
1007 3239 1135 3316 tempus
1151 3256 1315 3316 nunquam
1326 3235 1422 3298 otiosi
1438 3236 1480 3301 ab

354 3344 462 3424 armis,
489 3343 546 3408 sed
571 3340 716 3424 quotidie
732 3341 825 3408 bellis
850 3341 1138 3423 periculisisssimis
1155 3342 1313 3424 implicati
1337 3341 1479 3412 fuerint:

353 3461 464 3517 tamen
480 3456 573 3516 tanto
590 3451 782 3532 promptiori
798 3449 1015 3532 alacriorique
1032 3451 1140 3515 animo
1157 3449 1240 3514 hano
1259 3471 1387 3516 causam
1413 3471 1480 3514 111-

354 3558 507 3642 cipimus:
539 3563 661 3642 quanto
678 3559 811 3640 negotio
827 3558 956 3641 publico
970 3555 1140 3640 Principes
1156 3558 1243 3640 ipsos
1261 3559 1479 3640 opitulaturos

354 3685 529 3747 speramus.
555 3665 725 3730 Habemus
753 3670 861 3730 autem
897 3665 1089 3728 avunculum
1113 3670 1260 3728 nostrum
1285 3664 1479 3730 Michaelem

354 3772 500 3856 Suiltgyi
516 3771 779 3838 Gubernatorem
796 3761 874 3836 dicti
890 3773 998 3855 Regni
1013 3773 1125 3854 nostri,
1142 3775 1226 3838 tanti
1242 3774 1320 3839 belli
1345 3771 1479 3857 gerendi

352 3879 466 3945 ducem
484 3886 515 3944 et
531 3885 619 3945 certe
636 3881 668 3946 in
685 3902 720 3946 re
737 3880 873 3944 militari
888 3902 952 3945 non
969 3881 1127 3961 ignarum.
1143 3880 1178 3944 Is
1196 3883 1281 3945 enim
1301 3882 1359 3946 sub
1387 3881 1476 3962 geni·

353 3993 423 4052 tore
440 3993 550 4053 nostro
566 3987 745 4068 militando,
770 3989 943 4072 apueritia
968 4009 1069 4070 usque
1094 3987 1137 4052 ad
1161 3988 1221 4052 hoo
1246 3989 1343 4052 etatis
1368 4007 1478 4052 omnes

353 4093 484 4160 labores
500 4096 578 4160 belli
595 4102 626 4160 et
641 4095 818 4161 fortissime
834 4095 919 4160 tulit.
937 4092 1038 4178 Cujus
1053 4095 1308 4177 magnitudinem
1336 4095 1479 4162 futuram

351 4201 504 4286 jamtum
530 4204 660 4276 virtutis
691 4203 886 4266 documenta
901 4199 1120 4284 prodiderunt.
1147 4200 1238 4286 Quas
1264 4204 1304 4268 ob
1330 4225 1382 4268 111
1409 4225 1479 4270 curn

354 4309 415 4381 hoo
446 4317 572 4394 tempus
599 4311 832 4374 diuturniorem
873 4330 1007 4374 moram.
1029 4311 1100 4391 pa'ti
1125 4333 1190 4376 non
1221 4313 1324 4392 possit
1355 4313 1478 4394 absque

354 4416 487 4484 Summa
503 4418 638 4500 pernitii
654 4416 766 4499 populi
777 4413 971 4496 Christiani,
989 4436 1060 4479 cum
1076 4416 1214 4501 denique
1233 4424 1381 4499 tempora
1413 4421 1479 4483 sint

353 4527 448 4613 mala,
464 4527 595 4590 summis
612 4524 764 4606 periculis
780 4523 887 4603 plena,
902 4545 1053 4608 rogamus
1072 4524 1306 4590 Oelsitudinem
1323 4526 1479 4594 Vestram
