3256 5304
717 390 951 437 Diruounczral
969 375 1145 434 aurifluus.

897 732 969 794 146.

371 900 464 962 1463.
491 896 520 962 A
542 895 696 960 volonczei
720 895 940 958 dllamtoadca
966 895 1128 957 atasitctca
1153 895 1268 956 Iatvdn
1295 891 1506 956 sant-sebum

489 1005 711 1089 fcjcdclcmhez
727 1001 852 1066 foilldiltt
869 1002 973 1064 ltdvetc
991 1001 1102 1065 Frt'ult'
1120 997 1222 1065 [latai
1240 1002 1371 1065 re'szdre.

368 1197 661 1268 MCOOOLXHI.
678 1198 731 1262 die
747 1194 906 1264 XXVII.
923 1195 1080 1280 Augusti.

476 1306 572 1392 Quod
587 1308 656 1373 niro
673 1306 773 1371 nobili
792 1302 942 1370 Antonio
959 1305 998 1370 de
1014 1304 1137 1369 Priolis
1164 1303 1300 1370 Oratori
1326 1305 1505 1386 designato

367 1416 409 1481 ad
424 1416 688 1482 Illustrissimum
705 1414 881 1479 Dominum
897 1412 1025 1478 Ducem
1042 1411 1248 1494 Stephanum
1276 1409 1397 1477 Sancte
1415 1409 1505 1476 Save

367 1524 426 1590 fiat
440 1525 500 1589 heo
515 1522 706 1590 commissio.

477 1632 732 1715 christophorus
752 1630 881 1711 Mauro,
907 1627 971 1694 Dei
987 1631 1094 1712 gratia
1110 1628 1187 1693 Dux
1203 1627 1416 1696 Venetiarum
1440 1633 1507 1691 etc.

370 1740 615 1807 Oommittimus
630 1739 691 1804 tibi
707 1739 810 1805 nobili
826 1739 906 1819 viro,
924 1735 1072 1802 Antonio
1089 1739 1129 1803 de
1146 1735 1276 1818 Priolis‚
1302 1736 1421 1802 dilecto
1437 1737 1506 1802 civi

373 1856 407 1915 et
424 1848 512 1912 fideli
539 1853 661 1927 nostro,
687 1845 774 1931 quod
799 1846 901 1912 vadas
927 1846 1227 1912 honorandissimus
1245 1846 1371 1913 Orator
1387 1850 1504 1912 noster

371 1957 414 2023 ad
443 1955 710 2020 Illustrissimum
744 1953 919 2021 Dominum
944 1955 1070 2020 Ducem
1096 1953 1217 2019 Sancte
1243 1953 1329 2019 Save
1361 1961 1395 2019 et
1426 1976 1504 2018 oum
1552 1991 1558 1997 -

370 2066 457 2131 omni
483 2064 651 2129 celeritate
676 2070 709 2128 te
733 2085 837 2146 ponas
863 2063 906 2127 ad
922 2064 994 2142 iter,
1019 2069 1211 2129 executurus
1237 2083 1309 2127 cum
1327 2063 1504 2146 diligentia

372 2174 581 2255 infrascripta
596 2172 753 2238 mandata
769 2177 890 2236 nostra.

478 2281 589 2346 Primo
621 2301 761 2363 namque
789 2280 944 2362 volumus,
968 2285 1005 2344 ut
1027 2285 1061 2344 te
1092 2279 1240 2344 conferas
1265 2280 1307 2344 ad
1332 2280 1505 2345 civitatem

370 2396 516 2456 nostram
533 2389 670 2473 Spoleti,
695 2388 752 2454 ubi
768 2389 916 2454 conferas
932 2411 1004 2454 oum
1030 2389 1085 2454 illo
1102 2389 1218 2454 comite
1243 2394 1354 2454 nostro
1376 2394 1408 2453 et
1431 2395 1506 2453 tam

372 2501 413 2565 ab
438 2519 485 2579 eo,
511 2520 611 2581 quam
636 2497 679 2562 ab
704 2497 769 2561 illis
794 2496 989 2564 fidelissimis
1014 2497 1135 2561 civibus
1162 2503 1194 2561 et
1220 2497 1303 2579 aliia,
1336 2519 1356 2562 a
1382 2496 1505 2580 quibus

372 2597 518 2672 exactius
544 2611 577 2670 et
602 2603 791 2687 diligentius
826 2598 997 2670 informari
1031 2627 1127 2688 posse
1162 2605 1351 2687 speraveris,
1393 2598 1507 2671 sumas

372 2735 497 2780 omnem
514 2715 674 2779 minutam
693 2721 726 2779 et
742 2715 976 2798 particularem
991 2712 1258 2780 informationem
1284 2715 1325 2779 de
1351 2720 1441 2779 statu
1467 2722 1506 2780 et

373 2822 613 2888 conditionibus
629 2822 796 2906 provincie
811 2821 966 2888 Bossine:
994 2829 1074 2904 quot
1090 2823 1123 2886 in
1140 2844 1179 2887 ea
1197 2820 1305 2887 Turci'
1322 2829 1405 2903 sunt,
1421 2827 1508 2905 quot

372 2933 453 3013 loca,
469 2937 502 2996 et
518 2954 581 3016 que
597 2931 638 2997 ab
654 2930 720 2994 illis
737 2936 895 3014 occupata
919 2937 1080 3010 tenentur,
1096 2937 1176 3015 quot
1193 2937 1226 2996 et
1252 2952 1313 3014 que
1339 2933 1373 2995 in
1400 2930 1505 2995 mani-

372 3041 433 3105 bus
449 3040 590 3104 aliorum
607 3045 640 3104 et
656 3041 711 3123 qui
733 3045 817 3118 sunt,
842 3062 904 3122 que
930 3040 1050 3123 oppida
1074 3041 1106 3103 in
1133 3040 1301 3122 provincia
1326 3039 1385 3103 illa
1410 3038 1505 3104 ultra
1547 3059 1550 3066 ·

374 3147 498 3211 Turoos
514 3147 689 3230 possident,
706 3147 761 3231 qui
776 3155 883 3212 motus
900 3153 977 3212 sunt
991 3149 1025 3211 in
1041 3141 1209 3231 provincia
1225 3149 1378 3232 ipsaque
1390 3144 1507 3212 condi-

373 3255 419 3318 tio
430 3252 556 3316 vivendi
577 3259 610 3318 et
628 3257 719 3340 cujus
736 3255 945 3320 auctoritatis
956 3276 995 3320 ao
1004 3256 1120 3319 virium
1137 3261 1187 3320 est
1196 3257 1421 3339 unusquisque
1432 3255 1509 3319 illo-

373 3383 445 3427 rum
455 3360 710 3444 Bossinensium‚
721 3364 776 3447 qui
788 3362 957 3446 Spalatum
967 3363 1095 3446 profugi
1106 3385 1139 3427 se
1155 3370 1350 3445 receperunt
1366 3370 1401 3429 et
1416 3365 1507 3427 inter

374 3474 499 3534 ceteros
515 3468 576 3549 hic,
594 3470 650 3550 qui
667 3471 754 3553 apud
771 3493 830 3535 nos
849 3478 906 3550 est,
921 3473 1051 3536 nomine
1070 3471 1213 3537 Juannis
1229 3478 1263 3538 et
1279 3495 1339 3556 pro
1365 3493 1507 3556 quorum

374 3575 515 3642 medium
532 3577 605 3642 novi
622 3577 749 3660 aliquid
765 3579 832 3644 illic
849 3581 997 3645 suscitari
1013 3587 1134 3664 posset,
1155 3587 1187 3644 et
1203 3603 1276 3645 cum
1292 3582 1410 3663 quibus
1426 3582 1507 3645 viri-

375 3685 444 3768 bus
460 3707 532 3750 oum
548 3686 666 3770 quibus
682 3688 786 3753 modis
803 3690 969 3771 provincia
986 3690 1045 3755 illa
1060 3695 1169 3773 posset
1187 3689 1226 3753 de
1253 3688 1403 3755 manibus
1422 3689 1507 3754 Tur-

376 3816 484 3860 corum
501 3797 688 3879 recuperari
706 3803 738 3861 et
754 3797 813 3864 sub
831 3798 922 3880 cujus
938 3800 1067 3864 nomine
1083 3821 1135 3864 res
1149 3798 1277 3864 facilior
1292 3798 1382 3862 factu
1409 3803 1507 3865 esset.

375 3903 459 3970 Item
476 3902 516 3967 de
532 3903 597 3968 situ
613 3903 710 3985 illius,
736 3906 945 3988 partiumque
972 3928 1112 3982 suarum,
1139 3912 1170 3971 et
1195 3905 1304 3990 siquid
1329 3906 1363 3969 in
1389 3928 1428 3971 ea
1454 3911 1508 3970 est

375 4034 500 4098 passus,
531 4018 587 4076 aut
611 4014 754 4078 validum
780 4014 955 4096 quoppiam
981 4015 1146 4098 oppidum,
1178 4015 1258 4098 quid
1283 4035 1342 4097 pro
1360 4014 1507 4079 dominio

377 4128 488 4187 nostro
505 4119 637 4201 faceret,
661 4122 702 4186 ad
723 4121 902 4187 custodiam
919 4122 1071 4189 videlicet
1097 4130 1129 4189 et
1153 4125 1292 4189 tutelam
1316 4145 1425 4188 rerum
1450 4143 1508 4187 no·
1610 4199 1616 4206 ⁵

377 4234 518 4293 strarum
543 4226 717 4294 Dalmatia
735 4229 819 4296 Item
847 4238 927 4313 quot
951 4231 1096 4296 homines
1122 4253 1179 4296 nos
1206 4255 1245 4297 ex
1272 4233 1392 4315 policia
1418 4237 1509 4296 etex

378 4337 504 4419 reliqua
529 4335 699 4402 Dalmatia
715 4343 826 4402 nostra
842 4360 901 4421 pro
918 4339 1029 4404 favore
1048 4341 1199 4423 impresie
1225 4339 1370 4406 conferre
1397 4360 1508 4425 posse·

378 4467 457 4509 mus.
474 4441 526 4508 Ac
541 4446 702 4526 quomodo
718 4445 866 4511 homines
882 4448 944 4530 ipsi
960 4449 1065 4513 nostri
1081 4447 1150 4532 apti
1166 4453 1199 4514 et
1215 4448 1323 4514 idonei
1339 4457 1455 4532 essent,
1471 4455 1506 4515 et

379 4551 548 4635 quomoda,
565 4551 625 4616 sub
642 4573 781 4635 quorum
798 4553 908 4638 ductu,
925 4556 967 4619 ad
983 4578 1044 4641 que
1059 4557 1132 4622 loca
1148 4558 1317 4624 commode
1333 4559 1419 4624 mitti
1433 4579 1508 4644 pos·
