3268 5308
625 307 718 412 iser.
1195 355 1233 415 or
1348 399 1353 404 .

105 521 319 606 mallientes
340 521 481 590 0⁰¹¹⁸llls
582 544 707 613 Volunt
734 547 991 630 suprascriptum
1007 548 1185 632 capitulum
1201 550 1234 614 in

106 638 135 697 2·
241 655 255 688 >>
326 637 347 696 l·
371 631 391 695 f·
537 657 606 717 toto
623 659 655 716 et
671 673 729 736 per
752 658 868 734 totum,
885 660 1092 738 preterquam
1118 657 1152 720 in
1176 655 1238 722 hoe

107 747 134 804 3·
241 764 255 797 >>
305 738 466 805 ordinum
535 759 617 840 loeo,
650 761 705 826 ubi
730 759 850 827 dieitur
875 762 915 826 de
940 763 1009 828 solo
1034 763 1107 828 loeo
1138 762 1233 846 Olisij

105 865 235 930 dicatur
251 885 375 945 verum,
391 864 419 927 si
435 865 522 930 oiroa
537 867 650 931 eadem
666 867 739 934 looa
755 867 845 954 Olisij
864 874 898 935 et
916 866 1085 937 Ostrovize
1111 870 1237 955 aliquid

108 973 199 1038 aliud
216 972 311 1037 nobis
328 978 563 1038 memoraretur
579 980 612 1040 et
628 980 687 1041 eet.
809 1049 812 1056 ,

217 1080 268 1147 De
285 1087 380 1164 parte
398 1084 472 1148 104.
489 1079 604 1167 Capta.

108 1330 178 1398 Ser·
194 1332 219 1398 J
221 1332 342 1399 ambus
358 1331 511 1400 Barbam
639 1354 731 1434 Vult,
748 1353 835 1437 quod
864 1355 1100 1439 respondeatur
1125 1356 1167 1421 ad
1185 1377 1239 1432 ¹se-

109 1441 249 1522 ὃὸΡῙθ118
269 1439 430 1506 ordinum
595 1463 754 1544 cundum,
784 1462 1049 1528 Dominationem
1089 1470 1238 1530 nostram

1 1627 2 1634 ,
106 1567 230 1632 bonam
245 1589 359 1650 paoem
375 1574 407 1632 et
423 1570 600 1634 amicitiam
614 1568 736 1635 habere
756 1591 828 1635 oum
854 1567 1070 1635 Serenissimo
1096 1572 1237 1636 Domino

108 1697 167 1742 suo
178 1675 270 1758 Rege
281 1676 462 1761 Hungarie,
478 1677 708 1760 intendereque
725 1699 796 1743 eam
806 1701 878 1744 eum
889 1700 948 1743 sua
959 1677 1151 1758 Serenitate‚
1168 1701 1240 1744 oum

107 1785 182 1867 ipso
199 1782 317 1849 Banno
335 1789 368 1849 et
392 1784 541 1850 omnibus
556 1785 630 1869 alijs
656 1807 795 1867 servare,
810 1807 870 1850 neo
896 1786 990 1851 nobis
1007 1785 1178 1851 honestum
1195 1787 1241 1852 vi·

1 1901 2 1980 ἐ
107 1891 180 1956 deri
206 1890 248 1956 ob
264 1891 465 1956 conditiones
481 1897 664 1975 temporum
685 1899 718 1958 et
733 1915 841 1958 rerum
858 1893 930 1958 looa
946 1892 1056 1977 Olissij
1074 1900 1107 1960 et
1127 1893 1239 1960 Ostro-

107 2000 180 2064 vize
205 1999 240 2062 in
255 1999 490 2081 protectionem
511 2000 665 2082 aooipere,
682 2022 793 2065 verum
824 2002 1105 2066 conservationem
1136 2005 1240 2066 status

1 2125 2 2196 j
106 2108 160 2170 sui
186 2107 364 2189 cupientes,
389 2105 468 2189 quia
495 2104 793 2172 deliberaveramus
823 2105 998 2174 Oratorem
1028 2113 1175 2173 nostrum
1201 2107 1241 2174 de

109 2215 260 2296 proxime
276 2213 319 2278 ad
330 2213 579 2278 serenissimum
589 2214 714 2298 Regem
724 2213 864 2279 Bossine
875 2215 1012 2296 mittere,
1029 2216 1085 2297 qui
1096 2213 1239 2299 Dominij

1 2368 2 2403 3
109 2324 217 2387 nostri
231 2323 360 2387 nomine
378 2322 417 2386 de
435 2321 525 2386 obitu
543 2323 713 2405 patrissui
731 2319 918 2405 condolerit,
937 2322 1026 2387 aede
1039 2320 1103 2386 Sue
1115 2319 1240 2387 Sereni·

1 2435 2 2444 ’
109 2432 192 2495 tatis
203 2429 386 2496 sueoesione
397 2431 800 2512 congratularetur,ipsum
810 2429 851 2496 ob
862 2429 923 2494 hoo
934 2429 1072 2494 eitiusex
1082 2428 1239 2512 pedimus‚

112 2544 240 2604 ettam
266 2559 338 2602 oum
363 2538 434 2620 ipso
462 2537 676 2604 Serenissimo
702 2538 794 2620 Rege
818 2536 956 2602 Bossine
983 2538 1120 2618 mittere,
1146 2558 1240 2620 quam

1 2673 3 2700 r
110 2645 164 2710 Ill.
182 2645 301 2710 Dueha
317 2644 484 2727 Stephano
504 2645 655 2728 quiequid
671 2645 747 2709 boni
762 2643 855 2709 nobis
871 2643 1027 2727 possibile
1047 2644 1155 2727 fuerit,
1171 2643 1241 2710 fieri

110 2751 266 2818 faciemus
276 2775 336 2836 pro
347 2755 606 2836 componimento
618 2751 874 2818 differentiarum
885 2763 917 2817 et
923 2752 1159 2819 discordiarum
1170 2774 1243 2817 sua-

110 2884 192 2926 rum.
208 2857 334 2929 Verum
350 2863 377 2926 si
396 2861 583 2945 hujusmodi
601 2861 752 2928 Oratoris
768 2863 875 2926 nostri
894 2861 1101 2944 interpositio
1117 2860 1163 2923 eis
1178 2880 1243 2924 non

110 2969 267 3052 placeret,
284 2974 318 3032 et
343 2969 428 3033 eirea
444 2968 516 3034 looa
531 2967 623 3052 Olisij
642 2973 675 3033 et
695 2967 866 3035 Ostrovize
882 2968 1007 3051 aliquid
1022 2966 1112 3033 aliud
1128 2966 1171 3032 ab
1198 2967 1243 3031 eis

112 3081 355 3153 memoraretur,
380 3074 460 3158 quid
485 3077 619 3142 honeste
646 3097 704 3160 per
729 3097 786 3142 nos
811 3075 882 3141 fieri
898 3081 1018 3158 posset,
1043 3073 1186 3157 quidque
1201 3075 1243 3139 ad

112 3184 327 3266 commodum,
343 3183 582 3266 utilitatemque
607 3185 776 3268 utriusque
790 3189 937 3250 nostrum
952 3181 1135 3249 redundare
1151 3203 1245 3266 posse

3 3359 4 3390 ζ
110 3295 286 3372 videretur,
303 3313 366 3356 non
386 3291 614 3356 dissentiemus
630 3313 650 3355 a
666 3291 764 3358 rebus
791 3291 1055 3357 convenientibus
1082 3295 1115 3354 et
1131 3289 1245 3354 hones·

3 3395 5 3438 l
112 3403 165 3466 tis.
181 3399 227 3464 Et
244 3400 271 3463 si
288 3398 475 3482 hujusmodi
491 3419 567 3482 pars
593 3405 690 3482 oapta
715 3398 824 3479 fuerit,
840 3397 899 3464 fiat
916 3399 1026 3464 subito
1054 3397 1245 3497 scrutinium

3 3517 4 3522 ’
113 3511 147 3574 in
162 3509 225 3574 hoo
241 3505 396 3589 Consilio,
413 3512 446 3571 et
461 3507 602 3591 eligatur
617 3528 700 3572 unus
718 3505 840 3573 Orator
859 3505 903 3570 ad
918 3505 1173 3590 suprascriptum
1190 3503 1245 3571 Se·

115 3615 323 3683 renissimum
341 3614 466 3697 Regem
486 3613 633 3680 Bossine.

226 3724 268 3805 -l-
317 3727 335 3786 6
383 3760 426 3768 -
474 3725 492 3785 6
539 3759 582 3768 -
633 3728 650 3787 7

4 3931 7 3980 ἶ
118 3957 290 4042 Sapientes
302 3976 412 4021 omnes
424 3975 522 4038 supra
539 3951 661 4060 scripti(
710 3969 767 4037 Ad
806 3971 953 4051 geroium,
978 3967 1247 4034 Dominaffimem

119 4092 264 4152 nostram
282 4104 347 4148 non
363 4083 550 4168 intelligere
566 4081 785 4148 differentiam
801 4079 946 4161 aliquam
962 4075 1006 4141 ad
1022 4095 1156 4159 presens
1168 4095 1247 4153 esse,

118 4215 176 4258 neo
191 4193 232 4257 de
245 4192 321 4275 jure
333 4211 516 4274 esseposse,
534 4212 607 4257 eum
624 4191 725 4256 saline
742 4194 774 4252 et
789 4187 853 4253 alie
868 4185 1104 4271 jurisditiones‚
1122 4183 1162 4248 de
1179 4183 1247 4264 qui·

119 4298 178 4365 bus
193 4299 417 4383 superioribus
434 4299 600 4364 mensibus
617 4295 837 4363 controversia
848 4298 930 4375 erat,
946 4297 1121 4377 postquam
1132 4291 1246 4356 civitas

122 4407 246 4492 Spoleti
257 4406 448 4473 subditione
459 4405 714 4490 nostriDominij
725 4399 1019 4487 pervenit,paeifiee
1030 4404 1063 4464 et
1074 4400 1142 4463 sine
1150 4396 1247 4467 ullius

121 4517 347 4584 molestatione
368 4534 516 4602 possesse
531 4512 673 4598 fuerunt,
697 4511 770 4582 ideo
796 4531 861 4578 non
886 4529 954 4574 esse
980 4528 1061 4592 opus
1081 4505 1246 4596 aliquibus
