3292 5310
600 369 694 432 1459.
1171 369 1212 433 59

192 545 233 610 In
243 545 463 628 publicatione
472 547 568 630 hujus
585 549 674 631 pacis
684 551 778 612 tanta
788 545 942 611 confluxit
958 546 1124 611 hominum
1134 548 1214 612 mul-

89 652 201 735 titado,
218 652 303 736 quod
319 653 486 738 palatium,
501 655 612 737 platea
628 660 661 720 et
680 655 749 721 alia
765 655 838 720 loca
854 676 874 720 a
890 653 967 719 viris
983 655 1119 720 armatis
1145 676 1214 722 cus·

10 795 11 798 ¹
89 760 185 826 todiri
203 763 381 848 opportuit.
401 761 547 828 Exorans
565 785 635 828 sum
653 785 762 835 coram
779 762 928 828 omnibus
938 762 1077 829 Nomine
1089 762 1213 830 Sancti-

88 871 165 936 tatis
182 868 303 936 Vestra
319 872 445 954 agendo
461 871 661 954 principibus
677 892 814 955 magnas
830 871 954 954 gratias
966 894 1004 937 ac
1014 892 1069 936 eos
1080 873 1212 938 summis

88 977 237 1074 laudibus
252 977 448 1060 extollendo,
470 980 526 1062 qui
541 984 609 1044 tam
627 985 774 1044 sanctam
791 1001 830 1044 ac
853 980 940 1061 piam
964 999 1076 1062 pacem
1101 1001 1214 1063 accep-

87 1090 154 1149 tare
170 1085 301 1170 dignati
319 1091 403 1168 sunt,
422 1086 687 1170 conditionesque
713 1087 801 1170 pacis
827 1093 860 1152 et
885 1087 1021 1152 comoda
1036 1094 1070 1152 et
1086 1087 1213 1154 fructus

11 1259 12 1262 ,
90 1198 120 1257 11
143 1191 221 1259 belli
252 1191 350 1275 mala,
378 1193 582 1258 calamitates
598 1199 631 1258 et
646 1193 848 1276 periculosos
872 1198 1004 1260 euentus
1030 1195 1076 1260 eis
1102 1207 1211 1260 recen-

88 1299 193 1364 sendo.
220 1297 272 1363 De
287 1298 362 1364 hinc
378 1321 433 1366 eos
449 1300 598 1366 hortatus
615 1322 693 1382 sum,
713 1301 799 1384 quod
816 1301 901 1366 sicut
915 1283 976 1383 pro
991 1299 1087 1367 rebus
1103 1298 1213 1367 Chris-

86 1408 180 1471 tianis
195 1405 399 1489 principibus
413 1407 557 1490 indignis
573 1415 606 1472 et
632 1408 770 1490 privatis
786 1406 871 1474 odiis
896 1429 935 1472 ae
960 1408 1213 1476 dissentionibus

87 1513 169 1580 bella
185 1515 337 1596 ingentia
353 1520 386 1580 et
403 1537 495 1580 arma
526 1521 734 1598 paraverunt,
750 1515 796 1580 ita
823 1537 882 1598 pro
904 1515 1008 1581 salute
1034 1515 1211 1599 reipublice

89 1620 273 1686 Christiane
288 1642 347 1703 pro
364 1642 407 1701 se,
422 1621 534 1687 liberis
550 1622 756 1705 posterisque
773 1623 839 1689 suis
855 1622 951 1706 longe
971 1623 1076 1706 magis
1092 1645 1131 1689 ac
1147 1645 1212 1688 ma·

86 1729 144 1812 jori
159 1729 268 1794 animo
284 1728 344 1794 hos
362 1748 473 1793 eorum
488 1735 625 1811 paratus
635 1735 668 1794 et
678 1751 770 1794 arma
780 1730 814 1794 in
824 1730 1091 1796 immanissimum
1103 1728 1213 1796 Chris·

88 1837 163 1902 tiani
179 1837 322 1902 nominis
338 1836 465 1901 hostem
482 1824 671 1903 convertere
696 1836 853 1903 deberent
872 1859 1000 1922 eosque,
1017 1837 1212 1904 adhortatus

10 1931 12 1970 ³
89 1968 160 2026 sum,
176 1951 214 2010 ut
230 1949 383 2010 sanctum
398 1945 599 2028 propositum
612 1943 776 2011 Sanctitas
788 1943 911 2013 Vestra
927 1947 1043 2030 exequi
1060 1946 1162 2028 possit
1178 1951 1211 2010 et

88 2074 141 2135 pro
158 2052 271 2136 aliquo
288 2049 372 2117 bono
388 2052 422 2118 in
436 2052 688 2118 destructionem
699 2051 881 2118 Turdorum
897 2052 1077 2133 efficiendo,
1093 2058 1130 2118 ut
1141 2076 1211 2136 per-

10 2175 12 2182 “
90 2161 237 2227 sonaliter
253 2160 429 2226 Mantuam
446 2161 488 2226 ad
505 2158 720 2226 Sanctitatem
735 2159 890 2228 Vestram
908 2161 1061 2227 accedere
1082 2160 1212 2240 vellent,

89 2268 133 2334 vel
148 2270 174 2335 si
189 2269 245 2354 qui
262 2268 407 2352 legitime
427 2267 577 2352 impediti
605 2273 713 2334 essent
729 2266 831 2353 (quod
848 2269 899 2335 1111
924 2269 1064 2352 cogitari
1089 2265 1211 2352 potest)

10 2439 12 2460 ,
90 2398 157 2443 suas
184 2377 348 2444 solemnes
373 2377 589 2443 ambasciatas
615 2398 687 2442 oum
713 2377 899 2460 plenissimo
924 2378 1079 2443 mandato
1104 2383 1211 2441 trans-

10 2485 12 2522 ³
89 2485 256 2551 mitterent.
275 2483 450 2551 Absolutis
466 2483 573 2548 verbis
589 2485 668 2548 meis
683 2484 874 2550 recessimus
907 2485 1028 2568 absque
1054 2483 1120 2549 alia
1144 2504 1210 2548 res-

89 2595 238 2674 ponsione
255 2593 299 2660 ob
311 2591 494 2658 confluxum
503 2592 642 2657 maxime
652 2591 882 2675 multitudinis,
895 2597 1110 2658 convenerant
1121 2612 1209 2673 saue,

11 2719 13 2760 2
90 2701 253 2767 utdicitur
290 2701 377 2766 circa
402 2699 470 2767 XL
489 2699 593 2764 millia
617 2699 783 2764 hominurn
809 2721 847 2765 ac
873 2719 945 2764 curn
970 2699 1056 2783 omni
1081 2697 1212 2782 gaudio,

11 2847 13 2900 3
91 2810 227 2893 strepitu,
243 2807 355 2874 letitia
370 2814 403 2874 et
415 2807 610 2892 jubilatione
627 2827 699 2872 cum
718 2807 868 2872 universo
888 2805 986 2872 Claro
1003 2812 1037 2871 et
1061 2805 1209 2888 reliquiis

11 2935 13 2942 ’
91 2916 269 2982 ecclessiam
290 2916 492 2997 intravimus,
517 2913 626 2998 ibique
643 2911 759 2980 Olerus
783 2913 1050 2979 solemnissimum
1068 2912 1211 2977 Tedeum

89 3021 248 3090 laudamus
281 3022 467 3089 decantavit
483 3027 515 3086 et
531 3020 661 3086 demum
677 3042 750 3087 cum
766 3023 908 3087 maxima
933 3021 1148 3087 admiratione
1164 3022 1211 3086 in·

12 3161 13 3166 ¹
90 3132 183 3210 gentis
200 3131 317 3215 gaudii
333 3151 443 3196 omnes
460 3128 503 3194 ad
518 3129 652 3212 propria
672 3129 815 3213 hospitia
833 3128 1031 3194 divertimus.
1067 3129 1107 3194 In
1127 3134 1211 3196 trac-

90 3243 152 3303 tatu
165 3245 274 3306 autem
290 3238 382 3323 pacis
398 3237 459 3303 hoo
475 3241 584 3303 actum
600 3243 657 3320 est,
673 3243 707 3302 et
722 3237 854 3320 seriptis
869 3236 1104 3320 confirmatum,
1120 3237 1209 3302 utad

90 3344 310 3428 imperatorem
325 3366 376 3411 me
392 3343 539 3410 conferre
555 3343 714 3425 deberem,
730 3364 832 3429 eoque
847 3344 924 3410 Dux
949 3342 1154 3428 Guglielmus
1179 3351 1211 3409 et

13 3449 15 3518 i
91 3450 228 3528 Marchio
244 3453 417 3536 tilbertus,
434 3453 489 3536 qui
506 3451 714 3536 aMajcstate
726 3450 794 3517 Sua
810 3452 853 3517 ad
868 3450 989 3516 bellum
999 3451 1087 3517 istud
1103 3472 1210 3536 prose·

13 3539 15 3626 l

92 3561 241 3640 quendum
257 3561 293 3625 in
311 3560 510 3643 Capitaneos
527 3559 621 3624 electi
638 3557 778 3641 luerunt,
802 3558 926 3623 nullam
943 3564 1139 3642 potestatem
1155 3581 1211 3642 pa·

13 3715 15 3738 ,
93 3666 131 3731 111
146 3654 342 3733 conficiendo
358 3667 535 3747 habebant,
551 3673 584 3731 et
600 3666 647 3730 ita
662 3687 723 3750 pro
748 3665 955 3730 excusatione
981 3687 1092 3733 eorum
1117 3672 1150 3731 11
1175 3673 1211 3732 ut

14 3801 16 3864 4
92 3776 222 3840 tractata
239 3777 349 3842 omnia
365 3781 440 3840 rata
456 3780 489 3840 11
505 3780 603 3858 grata
619 3773 702 3838 sint:
718 3773 777 3838 hcc
792 3794 864 3838 mea
880 3771 1039 3858 profectio
1056 3772 1099 3840 ad
1109 3771 1210 3839 Suam

14 3867 16 3962 1
95 3876 303 3949 serenitatem
318 3882 380 3948 fuit
397 3881 588 3948 deliberata.
614 3879 701 3946 Nam
717 3882 786 3946 sine
802 3882 868 3946 ista
883 3881 1094 3965 promissione
1117 3881 1207 3945 nulla

94 4005 224 4071 unquam
249 4013 316 4074 pax
333 3995 444 4057 secuta
460 3987 584 4069 fuisset,
610 3987 671 4054 hoc
688 3988 786 4054 etiam
802 3995 955 4072 preterea
974 3992 1082 4051 actum
1103 3991 1160 4068 est,
1176 3992 1213 4052 ut

96 4097 186 4160 omnis
202 4097 388 4181 indignatio
405 4096 507 4180 ipsius
527 4096 735 4178 imperatoris
764 4114 841 4176 erga
857 4095 982 4158 Ducem
1009 4091 1209 4158 Ludovicum

87 4200 229 4270 tollatur:
240 4205 353 4290 Quare
363 4205 441 4269 hinc
449 4201 594 4267 triduum
600 4203 816 4268 Ratisbonam
825 4219 936 4264 versus
947 4197 1142 4283 proficiscar,
1153 4199 1209 4264 ubi

15 4325 16 4374 3
95 4325 143 4386 per
157 4309 348 4376 Danubium
366 4311 409 4376 ad
424 4308 566 4379 Vienam
583 4310 784 4376 descendam.
809 4308 886 4374 Dux
913 4307 1011 4372 etiam
1029 4303 1209 4389 Sigismun·

97 4410 147 4480 dus
161 4419 262 4483 mittit
279 4439 355 4484 suos
372 4416 529 4483 Oratores
546 4416 590 4482 ad
606 4415 707 4483 Suam
722 4415 920 4482 Maestatem
937 4413 1104 4480 occasione
1123 4412 1209 4478 illius

15 4515 17 4556 ‘³
102 4522 201 4593 cadule
218 4524 330 4593 decem
346 4525 483 4592 millium
498 4524 687 4592 Marcarum
713 4523 840 4607 argenti
867 4544 923 4608 per
948 4543 1022 4588 eum
1047 4519 1129 4587 11111
1146 4518 1210 4586 Sue

16 4633 18 4678 l

16 4679 23 4862 l
