3256 5304
615 367 709 437 1464.
1166 380 1228 439 269

101 550 220 633 simus3
244 559 277 617 et
302 549 433 635 quando
456 550 524 632 jam
549 551 674 634 pridem
700 557 768 615 tum
794 551 914 616 litteris
940 549 1093 617 Oratoris
1117 556 1231 636 nostri,

5 709 6 714 1
100 667 170 725 tum
198 660 285 725 sama
310 659 443 743 publica
469 658 687 723 intelleximus
712 679 886 742 prosperos
912 658 982 742 ejus
1009 681 1173 726 successus
1198 663 1232 726 in

5 787 6 790 ’
100 770 260 835 Bossina:
295 789 455 834 summum
482 768 602 850 quippe
629 766 785 849 gaudium
811 773 844 831 et
868 768 1058 833 immensam
1088 768 1232 833 leticiam

101 879 305 960 sumpsimus,
330 882 401 940 tum
416 898 475 958 pro
493 875 615 939 honore
630 874 704 956 Dei,
725 875 816 958 cujus
832 896 931 940 causa
947 876 1057 958 agitur
1073 876 1232 959 inprimis,

101 990 171 1049 tum
198 985 276 1067 quia
302 985 409 1050 omnis
433 983 615 1067 splendoris
641 989 673 1047 et
689 983 914 1066 amplitudinis
931 983 1143 1050 Oelsitudiuis
1158 982 1232 1067 Sue,

100 1114 161 1174 pro
178 1091 404 1174 magnitudine
421 1091 540 1158 amoris
556 1091 668 1173 nostri,
683 1112 803 1173 magna
815 1113 855 1156 ex
864 1098 959 1174 parte
972 1113 1044 1158 rere
1053 1093 1232 1176 participes

6 1282 8 1292 γ
102 1201 249 1284 reputari
265 1221 443 1286 possumus,
470 1199 739 1280 congratulamur
754 1199 874 1282 itaque,
890 1205 1046 1283 quantum
1063 1221 1232 1283 possumus

5 1379 6 1382 Ἴ
102 1307 276 1391 Majestati
293 1307 367 1390 Sue,
392 1329 451 1390 pro
476 1306 662 1390 hujusmodi
678 1305 825 1371 felicibus
842 1307 910 1390 ejus
927 1308 1136 1388 successibus,
1162 1329 1233 1372 eon-

4 1407 5 1410 *
102 1415 308 1498 gratulamur
331 1435 459 1498 quoque
486 1414 735 1497 quammaxime,
760 1415 848 1497 quod
864 1420 1011 1497 optatum
1027 1422 1154 1498 tempus
1179 1415 1234 1479 ad-

102 1523 326 1606 veneritque
352 1523 593 1587 meritissimam
619 1522 688 1605 ejus
714 1543 865 1586 coronam
891 1521 958 1588 Sua
983 1522 1151 1589 Serenitas
1168 1545 1235 1587 sus-

104 1637 245 1714 ceptura
261 1632 313 1713 sit,
330 1653 390 1713 pro
403 1652 467 1713 quo
479 1630 608 1712 quidem
621 1627 741 1714 gaudio
751 1637 864 1696 nostro
876 1632 1019 1715 apertius
1031 1632 1235 1715 declarando,

3 1777 5 1786 ‚
103 1736 193 1821 apud
219 1738 320 1803 alium
337 1738 510 1804 Oratorem
535 1744 693 1818 nostrum,
717 1740 848 1804 mittere
868 1745 902 1804 te
919 1741 1092 1805 statuimus
1108 1743 1149 1806 ad
1166 1742 1235 1826 ejus

104 1847 316 1930 presentiam,
341 1853 377 1910 ut
401 1846 487 1910 felici
513 1848 716 1912 coronationi
740 1869 796 1911 sue
821 1848 963 1930 intersis,
989 1855 1090 1931 utque
1106 1851 1235 1914 nomine

3 1977 5 1982 ·
103 1960 218 2020 nostro
245 1977 284 2020 ea
310 1956 418 2019 omnia
444 1975 620 2037 agesque
646 1954 741 2020 decus
767 1954 939 2038 Majestati
965 1954 1030 2020 Sue
1050 1957 1236 2040 conspicere

3 2073 4 2080 ’
106 2063 252 2146 possint;
276 2069 397 2127 etcum
414 2061 464 2125 his
481 2068 514 2126 et
529 2062 604 2146 alijs
620 2063 793 2146 benevolis,
811 2063 996 2128 affectuosis
1012 2069 1045 2128 et
1061 2086 1237 2130 accommo-

105 2171 195 2236 datis
211 2171 329 2251 verbis,
355 2193 417 2254 que
433 2177 488 2235 tue
505 2171 675 2254 prudentie
692 2171 895 2252 videbuntur,
920 2175 1034 2256 exequi
1053 2195 1150 2256 quam
1166 2173 1236 2236 dili-

106 2285 224 2362 genter
241 2279 370 2344 ourabis
387 2279 470 2344 hanc
486 2287 633 2344 nostram
648 2281 868 2346 intentionem.

217 2386 498 2471 Quemadmodum
523 2388 618 2469 nosti,
645 2389 832 2470 scripsimus
856 2390 1016 2453 anteactis
1042 2388 1166 2468 diebuS,
1196 2389 1238 2453 ad

105 2494 271 2580 prefatum
287 2495 312 2559 ‚J
314 2517 451 2560 oannem
468 2496 640 2562 Oratorem
666 2503 813 2561 nostrum
835 2518 892 2580 per
909 2497 1092 2580 duplicatas
1110 2497 1238 2561 litteras

106 2607 247 2684 nostrae,
274 2601 359 2683 quod
383 2601 500 2666 offerre
524 2602 658 2668 deberet
684 2603 897 2669 Serenissimo
914 2604 999 2688 Regi
1016 2603 1154 2670 florenos
1171 2607 1238 2672 LX

106 2709 213 2775 millia
238 2713 369 2776 nornine
391 2717 515 2791 nostro,
542 2718 636 2777 eunte
652 2713 831 2797 Majestate
848 2711 916 2779 Sua
932 2735 1002 2778 oum
1020 2717 1164 2781 exercitu
1182 2738 1239 2780 suo

106 2824 201 2883 extra
216 2840 353 2902 regnum
370 2841 463 2884 suum
481 2826 595 2885 contra
612 2820 753 2903 perfidos
766 2821 898 2902 Turcos,
914 2843 973 2903 per
989 2822 1062 2886 illos
1073 2824 1239 2904 terminos

108 2932 142 2990 et
157 2928 244 2990 sicut
259 2928 293 2990 in
308 2928 428 2991 litteris
444 2929 523 3009 ipsis
540 2929 661 2992 nostris
678 2936 818 3011 cavetur,
843 2951 982 3011 quarum
998 2930 1178 3012 exemplum
1197 2931 1240 2995 ad

107 3032 373 3099 informationem
389 3034 450 3098 tibi
467 3037 539 3100 dari
556 3035 697 3100 fecimus
721 3035 904 3100 Reddimur
920 3043 1030 3102 autem
1046 3039 1135 3120 certi,
1152 3039 1240 3121 quod

2 3219 3 3230 χ
109 3141 233 3207 Orator
258 3142 328 3227 ipse
354 3148 463 3207 noster
480 3143 607 3207 litteras
624 3149 754 3207 nostras
771 3144 932 3227 acceperit
949 3150 981 3208 et
997 3145 1153 3210 mandata
1169 3169 1241 3211 nos-

108 3255 161 3314 tra
187 3252 276 3315 omni
305 3253 413 3316 studio
439 3251 618 3334 adimplere
643 3253 822 3332 curaverit,
857 3251 912 3316 sed
937 3251 1147 3318 nihilominus
1164 3254 1242 3336 quia

2 3342 16 3372 '⁸
110 3378 270 3422 summum
297 3358 329 3421 in
346 3356 477 3422 modum
493 3359 649 3441 cupimus,
674 3360 760 3441 quod
776 3360 849 3425 Rex
865 3363 935 3444 ipse
952 3367 1074 3444 quanto
1092 3362 1240 3444 celerius,

110 3471 301 3548 quantoque
326 3469 491 3549 potentius
516 3469 669 3552 possibile
692 3471 754 3534 sibi
771 3473 823 3552 sit,
848 3487 961 3538 contra
979 3475 1119 3538 Turcum
1138 3494 1243 3537 comu-

112 3593 184 3636 nem
212 3571 343 3639 bostem
370 3597 404 3640 se
420 3583 524 3658 paret,
551 3583 709 3660 exeatque
726 3581 760 3643 in
775 3587 882 3646 castra
898 3584 959 3646 tali
976 3590 1129 3666 tempore,
1155 3583 1243 3666 quod

112 3671 222 3744 hostes
255 3683 431 3763 prevenire.
456 3685 568 3766 possit,
599 3685 690 3769 sieut,
722 3688 765 3751 ad
791 3691 1049 3772 consequendam
1074 3692 1243 3755 victoriam

2 3799 3 3806 ’
96 3808 313 3870 vmagnopere
338 3792 555 3855 necessarium
583 3813 652 3857 esse
683 3800 841 3877 tenemus,
874 3797 958 3861 hanc
989 3799 1242 3862 commissionem

112 3895 262 3962 ostendes
278 3897 406 3978 prefato
419 3899 552 3964 Oratori
570 3908 690 3982 nostro,
708 3924 882 3986 sumusque
893 3907 1036 3970 contenti
1048 3911 1080 3968 et
1090 3907 1245 3986 volumuS,

113 4003 199 4086 quod
226 4009 358 4085 captato
383 4010 528 4088 tempore
554 4030 623 4073 esse
649 4009 766 4076 debeat
792 4032 863 4075 cum
890 4011 1071 4077 Serenitate
1088 4010 1163 4092 Sua,
1188 4013 1245 4076 ubi

114 4111 210 4175 etiam
229 4117 324 4175 nocte
342 4131 450 4176 secum
466 4114 538 4196 arie,
551 4093 705 4199 quodque
722 4118 890 4182 declarata
906 4141 965 4201 per
981 4140 1054 4183 eum
1071 4120 1194 4202 optima
1212 4127 1245 4183 et

115 4219 331 4284 sincerissima
358 4221 571 4304 dispositione
596 4229 708 4289 nostra
733 4227 766 4289 in
794 4226 1009 4292 Serenitatem
1028 4226 1137 4309 Suam,
1163 4249 1246 4292 com·

115 4332 369 4411 memoratoque,
396 4331 479 4394 siout
505 4333 674 4413 opuserit,
700 4333 864 4400 oblatione
880 4343 1002 4418 nostra,
1028 4337 1158 4401 studeat
1174 4359 1246 4400 cum

116 4432 221 4498 verbis
247 4443 280 4500 et
302 4437 483 4501 rationibus
500 4457 709 4521 sepenumero
727 4441 788 4507 sibi
805 4445 944 4527 scriptis,
969 4449 1089 4508 etcum
1107 4443 1147 4507 de
1164 4444 1247 4526 alijS,

118 4562 178 4622 quo
205 4543 358 4624 expedire
385 4545 589 4627 videbuntur,
616 4549 780 4614 exhortari
807 4556 840 4613 et
864 4551 1017 4615 inducere
1034 4551 1246 4635 Majestatem
