3256 5304
651 340 746 420 1464.
1202 349 1265 426 att

139 520 334 608 capiendam
350 529 435 592 viam
453 530 634 613 Hungarie.
650 533 696 596 Et
713 534 876 614 quomodo
892 534 1069 619 allegatum
1084 544 1143 618 est,
1159 539 1268 623 hujus·

134 635 222 699 modi
249 637 492 720 crucesignatos
519 638 603 703 alias
629 639 671 706 ab
687 641 860 724 Huugaris
885 645 970 709 male
985 650 1143 712 tractatos
1158 645 1267 726 fuisse,

136 742 283 827 dicimus,
309 743 397 827 quod
421 744 576 811 habemus
603 747 641 811 de
668 750 812 835 presenti
828 734 1004 816 Oratorem
1019 758 1165 818 nostrum
1181 753 1269 837 apud
1306 758 1307 762 ’

135 848 385 916 Serenissimum
402 851 527 935 Regem
545 852 724 938 Hungarie,
749 878 809 939 per
835 858 927 941 eujus
952 860 1093 924 medium
1119 867 1152 925 et
1167 862 1267 926 inter·

133 959 331 1040 positionem
357 961 621 1043 procurabuntur
647 969 679 1028 et
705 985 769 1030 non
792 971 844 1030 est
867 967 1010 1046 dubium,
1038 968 1126 1050 quod
1142 970 1268 1052 optine-

1 1069 15 1120 l'
135 1066 258 1132 buntur
275 1068 383 1133 omnia
399 1090 510 1134 eorum
521 1068 663 1150 comoda,
680 1072 918 1155 cessabuntque
929 1075 1267 1142 omniainconvenien·

136 1173 184 1238 tia
210 1175 295 1239 alias
321 1197 465 1241 occursa.
499 1177 546 1242 Et
571 1179 617 1243 sic
642 1199 681 1243 ex
707 1201 791 1244 nunc
807 1181 913 1246 eidem
930 1179 1065 1247 Oratori
1080 1189 1191 1247 nostro
1207 1203 1265 1248 nos

138 1281 253 1347 libenti
271 1285 379 1348 animo
397 1286 577 1368 scripturos
594 1291 628 1351 et
643 1287 870 1352 commissuros
886 1288 1090 1374 spondemus.

244 1387 289 1473 -Ι-
337 1395 401 1456 145
447 1429 491 1442 -—
538 1399 557 1458 8
607 1431 649 1442 -
697 1400 725 1459 3.

244 1535 402 1596 (Velenczei
416 1534 596 1600 allamkdnyv
610 1543 634 1588 9.
648 1539 677 1599 l.)

686 1714 779 1722 ,-..-..-

669 1917 742 1976 166.

141 2037 444 2107 incunctancter·
462 2038 674 2124 kbztdrscsdp
692 2065 714 2103 a
734 2038 898 2125 burgundi
908 2039 1267 2128 fejedelmetMayycr-

313 2147 496 2232 crszdpnclr
514 2171 535 2210 c
552 2148 644 2210 turca
661 2147 755 2211 ellani
770 2149 923 2234 seqe'lpc're
938 2147 1091 2233 baaditjc.

1 2273 2 2296 ¹
138 2303 456 2372 ucoceuxun.
474 2306 526 2370 ue
543 2307 658 2390 quinto
676 2304 809 2389 Apsus.

244 2414 306 2480 Ser
321 2414 437 2480 Marco
454 2413 587 2479 Donato
613 2414 759 2494 Doctori,
786 2414 920 2480 Oratori
946 2422 1059 2480 nostro
1084 2416 1126 2480 ad
1153 2415 1206 2481 Ill.
1223 2413 1266 2480 D.

138 2521 262 2589 Ducem
278 2520 481 2606 Burgundio.

138 2632 307 2717 Sapientes
325 2629 461 2715 O⁰¹¹Silil
479 2637 513 2695 el
568 2699 575 2714 .
592 2699 599 2714 .
617 2699 623 2714 .
644 2647 802 2715 Preterea
819 2673 892 2716 cum
909 2651 997 2719 salus
1014 2657 1047 2716 et
1063 2651 1201 2716 victoria
1216 2672 1265 2716 re·

228 2767 244 2800 »
337 2745 360 2804 i·
384 2737 405 2802 f·
567 2779 639 2822 rum
665 2757 918 2824 christianorum
944 2759 1038 2824 valde
1054 2760 1213 2826 consistat
1230 2759 1265 2823 in

136 2867 263 2950 potenti
289 2866 434 2931 exercitu
459 2865 619 2930 mittendo
635 2887 695 2950 per
711 2867 794 2932 viam
812 2867 984 2950 Hungarie
1002 2873 1114 2932 contra
1129 2867 1266 2950 hostem,

138 2995 428 3040 commemoramus
454 2974 553 3056 vobis
584 2974 626 3039 cb
657 2980 889 3059 paupertatem
923 2981 955 3040 et
980 2974 1267 3059 depopulationem

136 3083 229 3166 regni
239 3081 411 3167 Hungarie
428 3105 497 3149 esse
507 3101 701 3168 magnopere
712 3085 936 3168 necessarium,
951 3089 987 3149 ut
998 3080 1084 3167 Regi
1094 3083 1266 3168 Hungarie

137 3188 176 3256 de
192 3189 341 3274 pecunijs
358 3198 575 3274 succurratur,
605 3191 723 3273 quibus
739 3189 959 3258 mediantibus
975 3198 1128 3276 potenter
1143 3194 1178 3256 in
1193 3192 1266 3258 hos·
1354 3187 1357 3192 ’

137 3305 203 3364 tem
218 3299 393 3384 procedere
410 3300 531 3382 possit3
548 3321 671 3383 nosque
687 3299 765 3391 licet
781 3297 980 3382 gravissimis
999 3301 1152 3385 impensis
1167 3299 1267 3366 simus

136 3405 297 3490 impliciti,
314 3401 491 3490 optulimus
507 3413 617 3471 tamen
635 3405 815 3474 Serenitati
832 3405 897 3472 Sue
914 3429 974 3491 pro
991 3429 1076 3472 anno
1092 3410 1154 3474 isto
1171 3409 1267 3476 duca·

139 3519 191 3578 tos
207 3509 276 3578 LX
293 3514 449 3594 millium,
475 3515 531 3578 sed
547 3513 671 3578 modice
689 3518 773 3596 sunt,
798 3535 859 3578 nec
876 3511 1041 3579 sufficiunt
1055 3514 1117 3579 iste
1133 3517 1267 3600 pecunie

138 3623 180 3688 ad
197 3623 380 3706 parandum
396 3621 573 3688 exercitum
589 3623 742 3687 idoneum
758 3645 817 3706 per
833 3623 923 3688 illam
939 3624 1032 3704 viam,
1057 3623 1267 3705 quamobrem

139 3732 282 3795 contenti
300 3750 419 3815 sumus,
435 3742 600 3815 casuque
616 3730 760 3815 prelatus
770 3730 823 3796 Ill.
833 3728 876 3794 D.
887 3729 964 3795 Dux
974 3767 1015 3778 -
1029 3731 1114 3795 sicut
1129 3731 1268 3814 predixi·

139 3856 210 3903 mus
222 3874 264 3888 --
276 3839 495 3924 personaliter
504 3858 568 3904 non
584 3839 713 3916 veniret,
731 3838 818 3922 quod
834 3839 861 3904 si
877 3841 925 3904 ita
940 3838 1031 3906 vobis
1047 3838 1222 3919 videbitur,
1237 3845 1271 3903 et

140 3967 199 4028 per
214 3945 288 4012 illos
306 3947 507 4012 decentiores
524 3953 557 4012 et
574 3947 786 4012 modestiores
802 3946 925 4028 modos,
949 3966 1029 4030 quos
1045 3947 1200 4012 noveritis
1217 3964 1269 4010 ex·

141 4047 262 4135 pedire:
280 4055 365 4120 detis
375 4056 546 4121 honestam
557 4076 698 4140 operam,
709 4053 796 4138 quod
805 4053 1013 4121 Excellentia
1023 4053 1124 4136 ipsius
1135 4052 1269 4117 Domini

143 4159 245 4226 Ducis
261 4160 412 4248 porrigat
428 4163 502 4230 illos
518 4163 645 4228 favores
662 4183 736 4227 suos
746 4162 951 4245 pecuniarios
961 4159 1088 4245 prefato
1099 4160 1195 4244 Regi,
1212 4155 1267 4242 qui

63 4279 67 4282 ’
142 4290 197 4334 sue
215 4268 413 4336 Oelsitudini
430 4271 633 4338 videbuntur.

248 4377 730 4463 ,trra-mc.

246 4543 405 4604 (Velenczei
420 4543 599 4605 allamkdnyv
615 4546 655 4591 1o.
668 4541 697 4602 l.)

627 4642 638 4655 ,
749 4641 779 4655 ,Ι
