<?xml version="1.0" encoding="UTF-8"?>
<!DOCTYPE html PUBLIC "-//W3C//DTD XHTML 1.0 Transitional//EN"
    "http://www.w3.org/TR/xhtml1/DTD/xhtml1-transitional.dtd">
<html xmlns="http://www.w3.org/1999/xhtml" xml:lang="en" lang="en">
 <head>
  <title>
</title>
<meta http-equiv="Content-Type" content="text/html;charset=utf-8" />
  <meta name='ocr-system' content='tesseract 3.04.00' />
  <meta name='ocr-capabilities' content='ocr_page ocr_carea ocr_par ocr_line ocrx_word'/>
</head>
<body>
  <div class='ocr_page' id='page_1' title='image "./magyardiplomacz01mattgoog_0219.png"; bbox 0 0 3256 5304; ppageno 0'>
   <div class='ocr_carea' id='block_1_1' title="bbox 610 266 1222 389">
    <p class='ocr_par' dir='ltr' id='par_1_1' title="bbox 610 266 1222 389">
     <span class='ocr_line' id='line_1_1' title="bbox 610 266 1222 389; baseline 0.01 -6"><span class='ocrx_word' id='word_1_1' title='bbox 610 266 703 384; x_wconf 70' lang='lat' dir='ltr'>tlsr.</span> <span class='ocrx_word' id='word_1_2' title='bbox 787 295 792 306; x_wconf 75' lang='grc'><em>“</em></span> <span class='ocrx_word' id='word_1_3' title='bbox 1162 323 1222 389; x_wconf 80' lang='lat' dir='ltr'>rso</span> 
     </span>
    </p>
   </div>
   <div class='ocr_carea' id='block_1_2' title="bbox 1 490 1224 1010">
    <p class='ocr_par' dir='ltr' id='par_1_2' title="bbox 1 490 1224 1010">
     <span class='ocr_line' id='line_1_2' title="bbox 93 490 1223 586; baseline 0.006 -27"><span class='ocrx_word' id='word_1_4' title='bbox 93 511 165 560; x_wconf 84' lang='lat' dir='ltr'>rum</span> <span class='ocrx_word' id='word_1_5' title='bbox 192 490 226 558; x_wconf 91' lang='lat' dir='ltr'>in</span> <span class='ocrx_word' id='word_1_6' title='bbox 252 491 469 577; x_wconf 78' lang='lat' dir='ltr'>Hungariam,</span> <span class='ocrx_word' id='word_1_7' title='bbox 506 519 576 562; x_wconf 90' lang='lat' dir='ltr'>cum</span> <span class='ocrx_word' id='word_1_8' title='bbox 602 499 837 580; x_wconf 81' lang='lat' dir='ltr'>provisionibus</span> <span class='ocrx_word' id='word_1_9' title='bbox 862 503 1064 584; x_wconf 87' lang='lat' dir='ltr'>opportunis,</span> <span class='ocrx_word' id='word_1_10' title='bbox 1096 509 1133 568; x_wconf 93' lang='lat' dir='ltr'>ut</span> <span class='ocrx_word' id='word_1_11' title='bbox 1163 504 1223 586; x_wconf 90' lang='lat' dir='ltr'>ipsi</span> 
     </span>
     <span class='ocr_line' id='line_1_3' title="bbox 1 601 1224 692; baseline 0.008 -26"><span class='ocrx_word' id='word_1_12' title='bbox 1 622 2 625; x_wconf 69' lang='grc'>’</span> <span class='ocrx_word' id='word_1_13' title='bbox 93 601 179 687; x_wconf 84' lang='lat' dir='ltr'>Regi</span> <span class='ocrx_word' id='word_1_14' title='bbox 213 605 335 669; x_wconf 81' lang='lat' dir='ltr'>coactis</span> <span class='ocrx_word' id='word_1_15' title='bbox 368 603 511 688; x_wconf 87' lang='lat' dir='ltr'>undiquc</span> <span class='ocrx_word' id='word_1_16' title='bbox 542 605 674 687; x_wconf 83' lang='lat' dir='ltr'>uiribus,</span> <span class='ocrx_word' id='word_1_17' title='bbox 706 615 739 673; x_wconf 87' lang='lat' dir='ltr'>et</span> <span class='ocrx_word' id='word_1_18' title='bbox 773 608 903 692; x_wconf 88' lang='lat' dir='ltr'>auxilijs</span> <span class='ocrx_word' id='word_1_19' title='bbox 934 611 1002 674; x_wconf 89' lang='lat' dir='ltr'>sine</span> <span class='ocrx_word' id='word_1_20' title='bbox 1033 633 1123 677; x_wconf 88' lang='lat' dir='ltr'>mora</span> <span class='ocrx_word' id='word_1_21' title='bbox 1155 632 1224 676; x_wconf 86' lang='lat' dir='ltr'>suc·</span> 
     </span>
     <span class='ocr_line' id='line_1_4' title="bbox 94 711 1223 801; baseline 0.009 -26"><span class='ocrx_word' id='word_1_22' title='bbox 94 716 256 791; x_wconf 85' lang='lat' dir='ltr'>curratur,</span> <span class='ocrx_word' id='word_1_23' title='bbox 283 717 316 775; x_wconf 90' lang='lat' dir='ltr'>et</span> <span class='ocrx_word' id='word_1_24' title='bbox 341 717 457 776; x_wconf 80' lang='lat' dir='ltr'>contra</span> <span class='ocrx_word' id='word_1_25' title='bbox 474 711 635 777; x_wconf 77' lang='lat' dir='ltr'>Teucrum</span> <span class='ocrx_word' id='word_1_26' title='bbox 651 721 719 778; x_wconf 88' lang='lat' dir='ltr'>tam</span> <span class='ocrx_word' id='word_1_27' title='bbox 735 715 814 797; x_wconf 89' lang='lat' dir='ltr'>ipse,</span> <span class='ocrx_word' id='word_1_28' title='bbox 831 737 928 798; x_wconf 89' lang='lat' dir='ltr'>quam</span> <span class='ocrx_word' id='word_1_29' title='bbox 946 719 995 780; x_wconf 85' lang='lat' dir='ltr'>sui</span> <span class='ocrx_word' id='word_1_30' title='bbox 1012 740 1045 782; x_wconf 90' lang='lat' dir='ltr'>se</span> <span class='ocrx_word' id='word_1_31' title='bbox 1070 725 1223 801; x_wconf 89' lang='lat' dir='ltr'>potenter</span> 
     </span>
     <span class='ocr_line' id='line_1_5' title="bbox 92 818 1222 908; baseline 0.009 -26"><span class='ocrx_word' id='word_1_32' title='bbox 92 820 180 882; x_wconf 90' lang='lat' dir='ltr'>tueri</span> <span class='ocrx_word' id='word_1_33' title='bbox 197 820 333 902; x_wconf 79' lang='lat' dir='ltr'>possint,</span> <span class='ocrx_word' id='word_1_34' title='bbox 351 818 466 900; x_wconf 89' lang='lat' dir='ltr'>quain</span> <span class='ocrx_word' id='word_1_35' title='bbox 483 841 519 883; x_wconf 89' lang='lat' dir='ltr'>re</span> <span class='ocrx_word' id='word_1_36' title='bbox 545 826 582 884; x_wconf 89' lang='lat' dir='ltr'>ut</span> <span class='ocrx_word' id='word_1_37' title='bbox 607 843 645 885; x_wconf 91' lang='lat' dir='ltr'>ex</span> <span class='ocrx_word' id='word_1_38' title='bbox 671 829 765 905; x_wconf 88' lang='lat' dir='ltr'>parte</span> <span class='ocrx_word' id='word_1_39' title='bbox 791 829 906 887; x_wconf 88' lang='lat' dir='ltr'>nostra</span> <span class='ocrx_word' id='word_1_40' title='bbox 931 825 1014 888; x_wconf 89' lang='lat' dir='ltr'>nihil</span> <span class='ocrx_word' id='word_1_41' title='bbox 1040 827 1222 908; x_wconf 87' lang='lat' dir='ltr'>omittatur,</span> 
     </span>
     <span class='ocr_line' id='line_1_6' title="bbox 92 923 1222 1010; baseline 0.011 -22"><span class='ocrx_word' id='word_1_42' title='bbox 92 923 344 991; x_wconf 78' lang='lat' dir='ltr'>deliberavimus</span> <span class='ocrx_word' id='word_1_43' title='bbox 361 929 601 1010; x_wconf 74' lang='lat' dir='ltr'>quamprimum</span> <span class='ocrx_word' id='word_1_44' title='bbox 620 930 749 994; x_wconf 91' lang='lat' dir='ltr'>mittere</span> <span class='ocrx_word' id='word_1_45' title='bbox 775 950 875 995; x_wconf 89' lang='lat' dir='ltr'>unum</span> <span class='ocrx_word' id='word_1_46' title='bbox 902 933 1078 1000; x_wconf 87' lang='lat' dir='ltr'>solemnem</span> <span class='ocrx_word' id='word_1_47' title='bbox 1105 930 1222 1000; x_wconf 85' lang='lat' dir='ltr'>Orato-</span> 
     </span>
    </p>
   </div>
   <div class='ocr_carea' id='block_1_3' title="bbox 1 1035 1223 1122">
    <p class='ocr_par' dir='ltr' id='par_1_3' title="bbox 1 1035 1223 1122">
     <span class='ocr_line' id='line_1_7' title="bbox 1 1035 1223 1122; baseline 0.007 -25"><span class='ocrx_word' id='word_1_48' title='bbox 1 1071 9 1080; x_wconf 82' lang='lat'>-</span> <span class='ocrx_word' id='word_1_49' title='bbox 94 1054 163 1098; x_wconf 89' lang='lat' dir='ltr'>rem</span> <span class='ocrx_word' id='word_1_50' title='bbox 179 1040 336 1117; x_wconf 88' lang='lat' dir='ltr'>nostrum,</span> <span class='ocrx_word' id='word_1_51' title='bbox 352 1035 395 1100; x_wconf 87' lang='lat' dir='ltr'>ad</span> <span class='ocrx_word' id='word_1_52' title='bbox 415 1035 520 1118; x_wconf 88' lang='lat' dir='ltr'>ipsum</span> <span class='ocrx_word' id='word_1_53' title='bbox 546 1037 670 1119; x_wconf 84' lang='lat' dir='ltr'>Regem</span> <span class='ocrx_word' id='word_1_54' title='bbox 696 1038 877 1122; x_wconf 84' lang='lat' dir='ltr'>Hungarie,</span> <span class='ocrx_word' id='word_1_55' title='bbox 901 1045 938 1103; x_wconf 89' lang='lat' dir='ltr'>ut</span> <span class='ocrx_word' id='word_1_56' title='bbox 964 1041 1107 1105; x_wconf 80' lang='lat' dir='ltr'>collectis</span> <span class='ocrx_word' id='word_1_57' title='bbox 1132 1041 1223 1105; x_wconf 88' lang='lat' dir='ltr'>undi-</span> 
     </span>
    </p>
   </div>
   <div class='ocr_carea' id='block_1_4' title="bbox 1 1143 1223 1233">
    <p class='ocr_par' dir='ltr' id='par_1_4' title="bbox 1 1143 1223 1233">
     <span class='ocr_line' id='line_1_8' title="bbox 1 1143 1223 1233; baseline 0.007 -29"><span class='ocrx_word' id='word_1_58' title='bbox 1 1155 2 1158; x_wconf 74' lang='grc'>’</span> <span class='ocrx_word' id='word_1_59' title='bbox 94 1163 156 1223; x_wconf 92' lang='lat' dir='ltr'>que</span> <span class='ocrx_word' id='word_1_60' title='bbox 184 1143 363 1208; x_wconf 89' lang='lat' dir='ltr'>vicinorum</span> <span class='ocrx_word' id='word_1_61' title='bbox 379 1165 553 1226; x_wconf 91' lang='lat' dir='ltr'>regnorum</span> <span class='ocrx_word' id='word_1_62' title='bbox 569 1151 603 1209; x_wconf 92' lang='lat' dir='ltr'>et</span> <span class='ocrx_word' id='word_1_63' title='bbox 618 1148 740 1210; x_wconf 86' lang='lat' dir='ltr'>nostris</span> <span class='ocrx_word' id='word_1_64' title='bbox 755 1147 968 1229; x_wconf 90' lang='lat' dir='ltr'>possibilibus</span> <span class='ocrx_word' id='word_1_65' title='bbox 985 1148 1125 1233; x_wconf 78' lang='lat' dir='ltr'>auxilijS,</span> <span class='ocrx_word' id='word_1_66' title='bbox 1151 1169 1223 1232; x_wconf 88' lang='lat' dir='ltr'>reg-</span> 
     </span>
    </p>
   </div>
   <div class='ocr_carea' id='block_1_5' title="bbox 1 1251 1222 1336">
    <p class='ocr_par' dir='ltr' id='par_1_5' title="bbox 1 1251 1222 1336">
     <span class='ocr_line' id='line_1_9' title="bbox 1 1251 1222 1336; baseline 0.006 -23"><span class='ocrx_word' id='word_1_67' title='bbox 1 1251 2 1297; x_wconf 67' lang='lat'>3</span> <span class='ocrx_word' id='word_1_68' title='bbox 93 1271 171 1314; x_wconf 89' lang='lat' dir='ltr'>num</span> <span class='ocrx_word' id='word_1_69' title='bbox 189 1271 281 1315; x_wconf 90' lang='lat' dir='ltr'>suum</span> <span class='ocrx_word' id='word_1_70' title='bbox 297 1251 388 1332; x_wconf 82' lang='lat' dir='ltr'>lueri,</span> <span class='ocrx_word' id='word_1_71' title='bbox 406 1274 444 1316; x_wconf 88' lang='lat' dir='ltr'>ac</span> <span class='ocrx_word' id='word_1_72' title='bbox 475 1254 575 1317; x_wconf 90' lang='lat' dir='ltr'>etiam</span> <span class='ocrx_word' id='word_1_73' title='bbox 591 1274 726 1336; x_wconf 87' lang='lat' dir='ltr'>regnum</span> <span class='ocrx_word' id='word_1_74' title='bbox 742 1253 880 1320; x_wconf 88' lang='lat' dir='ltr'>Bossine</span> <span class='ocrx_word' id='word_1_75' title='bbox 897 1253 938 1320; x_wconf 89' lang='lat' dir='ltr'>ab</span> <span class='ocrx_word' id='word_1_76' title='bbox 958 1257 1044 1320; x_wconf 93' lang='lat' dir='ltr'>omni</span> <span class='ocrx_word' id='word_1_77' title='bbox 1070 1255 1222 1320; x_wconf 87' lang='lat' dir='ltr'>molestia</span> 
     </span>
    </p>
   </div>
   <div class='ocr_carea' id='block_1_6' title="bbox 94 1356 1222 1552">
    <p class='ocr_par' dir='ltr' id='par_1_6' title="bbox 94 1356 1222 1552">
     <span class='ocr_line' id='line_1_10' title="bbox 94 1356 392 1441; baseline 0.003 -21"><span class='ocrx_word' id='word_1_78' title='bbox 94 1356 264 1423; x_wconf 81' lang='lat' dir='ltr'>sublevare</span> <span class='ocrx_word' id='word_1_79' title='bbox 281 1359 392 1441; x_wconf 80' lang='lat' dir='ltr'>possit.</span> 
     </span>
     <span class='ocr_line' id='line_1_11' title="bbox 202 1463 1222 1552; baseline 0.006 -22"><span class='ocrx_word' id='word_1_80' title='bbox 202 1463 299 1530; x_wconf 84' lang='lat' dir='ltr'>Oirca</span> <span class='ocrx_word' id='word_1_81' title='bbox 329 1473 455 1549; x_wconf 88' lang='lat' dir='ltr'>partem</span> <span class='ocrx_word' id='word_1_82' title='bbox 482 1469 644 1533; x_wconf 89' lang='lat' dir='ltr'>missionis</span> <span class='ocrx_word' id='word_1_83' title='bbox 676 1468 717 1532; x_wconf 90' lang='lat' dir='ltr'>ad</span> <span class='ocrx_word' id='word_1_84' title='bbox 744 1468 886 1533; x_wconf 78' lang='lat' dir='ltr'>Turcum</span> <span class='ocrx_word' id='word_1_85' title='bbox 917 1489 978 1551; x_wconf 90' lang='lat' dir='ltr'>pro</span> <span class='ocrx_word' id='word_1_86' title='bbox 1010 1469 1222 1552; x_wconf 84' lang='lat' dir='ltr'>intelligendo</span> 
     </span>
    </p>
   </div>
   <div class='ocr_carea' id='block_1_7' title="bbox 1 1574 1222 1659">
    <p class='ocr_par' dir='ltr' id='par_1_7' title="bbox 1 1574 1222 1659">
     <span class='ocr_line' id='line_1_12' title="bbox 1 1574 1222 1659; baseline 0.007 -23"><span class='ocrx_word' id='word_1_87' title='bbox 1 1597 2 1636; x_wconf 80' lang='lat'>1</span> <span class='ocrx_word' id='word_1_88' title='bbox 92 1574 238 1638; x_wconf 88' lang='lat' dir='ltr'>animum</span> <span class='ocrx_word' id='word_1_89' title='bbox 254 1595 346 1639; x_wconf 91' lang='lat' dir='ltr'>suum</span> <span class='ocrx_word' id='word_1_90' title='bbox 372 1581 405 1639; x_wconf 91' lang='lat' dir='ltr'>et</span> <span class='ocrx_word' id='word_1_91' title='bbox 431 1582 489 1640; x_wconf 91' lang='lat' dir='ltr'>ect.</span> <span class='ocrx_word' id='word_1_92' title='bbox 517 1576 669 1641; x_wconf 90' lang='lat' dir='ltr'>dicimus:</span> <span class='ocrx_word' id='word_1_93' title='bbox 699 1577 787 1658; x_wconf 90' lang='lat' dir='ltr'>quod</span> <span class='ocrx_word' id='word_1_94' title='bbox 814 1577 842 1641; x_wconf 89' lang='lat' dir='ltr'>si</span> <span class='ocrx_word' id='word_1_95' title='bbox 866 1575 899 1640; x_wconf 85' lang='lat' dir='ltr'>id</span> <span class='ocrx_word' id='word_1_96' title='bbox 925 1575 1028 1659; x_wconf 86' lang='lat' dir='ltr'>fieret,</span> <span class='ocrx_word' id='word_1_97' title='bbox 1052 1576 1222 1658; x_wconf 64' lang='lat' dir='ltr'>credimus5</span> 
     </span>
    </p>
   </div>
   <div class='ocr_carea' id='block_1_8' title="bbox 1 1681 1223 1981">
    <p class='ocr_par' dir='ltr' id='par_1_8' title="bbox 1 1681 1223 1981">
     <span class='ocr_line' id='line_1_13' title="bbox 1 1681 1222 1778; baseline 0.003 -32"><span class='ocrx_word' id='word_1_98' title='bbox 1 1773 2 1778; x_wconf 8' lang='grc' dir='ltr'>γ</span> <span class='ocrx_word' id='word_1_99' title='bbox 93 1681 185 1766; x_wconf 87' lang='lat' dir='ltr'>quod</span> <span class='ocrx_word' id='word_1_100' title='bbox 201 1683 311 1764; x_wconf 91' lang='lat' dir='ltr'>potius</span> <span class='ocrx_word' id='word_1_101' title='bbox 328 1688 411 1746; x_wconf 89' lang='lat' dir='ltr'>esset</span> <span class='ocrx_word' id='word_1_102' title='bbox 431 1685 587 1766; x_wconf 80' lang='lat' dir='ltr'>nocivum,</span> <span class='ocrx_word' id='word_1_103' title='bbox 604 1705 702 1778; x_wconf 81' lang='lat' dir='ltr'>quam</span> <span class='ocrx_word' id='word_1_104' title='bbox 718 1683 816 1764; x_wconf 89' lang='lat' dir='ltr'>utile;</span> <span class='ocrx_word' id='word_1_105' title='bbox 842 1683 897 1747; x_wconf 89' lang='lat' dir='ltr'>sed</span> <span class='ocrx_word' id='word_1_106' title='bbox 914 1705 1082 1766; x_wconf 89' lang='lat' dir='ltr'>speramus</span> <span class='ocrx_word' id='word_1_107' title='bbox 1099 1691 1133 1750; x_wconf 89' lang='lat' dir='ltr'>ct</span> <span class='ocrx_word' id='word_1_108' title='bbox 1149 1706 1222 1750; x_wconf 94' lang='lat' dir='ltr'>con·</span> 
     </span>
     <span class='ocr_line' id='line_1_14' title="bbox 91 1788 1223 1874; baseline 0.002 -20.779"><span class='ocrx_word' id='word_1_109' title='bbox 91 1789 224 1854; x_wconf 88' lang='lat' dir='ltr'>fidimus</span> <span class='ocrx_word' id='word_1_110' title='bbox 241 1789 274 1852; x_wconf 92' lang='lat' dir='ltr'>in</span> <span class='ocrx_word' id='word_1_111' title='bbox 290 1788 363 1853; x_wconf 91' lang='lat' dir='ltr'>Deo</span> <span class='ocrx_word' id='word_1_112' title='bbox 380 1797 492 1854; x_wconf 88' lang='lat' dir='ltr'>nostro</span> <span class='ocrx_word' id='word_1_113' title='bbox 510 1797 542 1853; x_wconf 92' lang='lat' dir='ltr'>et</span> <span class='ocrx_word' id='word_1_114' title='bbox 559 1792 592 1854; x_wconf 93' lang='lat' dir='ltr'>in</span> <span class='ocrx_word' id='word_1_115' title='bbox 609 1791 668 1871; x_wconf 79' lang='lat' dir='ltr'>hie,</span> <span class='ocrx_word' id='word_1_116' title='bbox 686 1813 750 1874; x_wconf 89' lang='lat' dir='ltr'>que</span> <span class='ocrx_word' id='word_1_117' title='bbox 764 1791 832 1874; x_wconf 90' lang='lat' dir='ltr'>jam</span> <span class='ocrx_word' id='word_1_118' title='bbox 849 1791 983 1856; x_wconf 88' lang='lat' dir='ltr'>tandem</span> <span class='ocrx_word' id='word_1_119' title='bbox 1010 1790 1042 1856; x_wconf 80' lang='lat' dir='ltr'>S.</span> <span class='ocrx_word' id='word_1_120' title='bbox 1069 1791 1223 1857; x_wconf 82' lang='lat' dir='ltr'>Pontifex</span> 
     </span>
     <span class='ocr_line' id='line_1_15' title="bbox 1 1887 1223 1981; baseline 0.002 -20"><span class='ocrx_word' id='word_1_121' title='bbox 1 1887 2 1941; x_wconf 62' lang='lat' dir='ltr'>i</span> <span class='ocrx_word' id='word_1_122' title='bbox 93 1903 125 1962; x_wconf 90' lang='lat' dir='ltr'>et</span> <span class='ocrx_word' id='word_1_123' title='bbox 142 1897 305 1980; x_wconf 91' lang='lat' dir='ltr'>principes</span> <span class='ocrx_word' id='word_1_124' title='bbox 321 1896 490 1961; x_wconf 86' lang='lat' dir='ltr'>christiani</span> <span class='ocrx_word' id='word_1_125' title='bbox 506 1897 594 1962; x_wconf 89' lang='lat' dir='ltr'>brevi</span> <span class='ocrx_word' id='word_1_126' title='bbox 611 1898 799 1981; x_wconf 86' lang='lat' dir='ltr'>disposituri</span> <span class='ocrx_word' id='word_1_127' title='bbox 818 1904 902 1979; x_wconf 87' lang='lat' dir='ltr'>sunt,</span> <span class='ocrx_word' id='word_1_128' title='bbox 924 1899 1010 1981; x_wconf 92' lang='lat' dir='ltr'>quod</span> <span class='ocrx_word' id='word_1_129' title='bbox 1027 1920 1099 1963; x_wconf 90' lang='lat' dir='ltr'>cum</span> <span class='ocrx_word' id='word_1_130' title='bbox 1125 1899 1223 1964; x_wconf 90' lang='lat' dir='ltr'>subli-</span> 
     </span>
    </p>
   </div>
   <div class='ocr_carea' id='block_1_9' title="bbox 1 2001 1223 2087">
    <p class='ocr_par' dir='ltr' id='par_1_9' title="bbox 1 2001 1223 2087">
     <span class='ocr_line' id='line_1_16' title="bbox 1 2001 1223 2087; baseline 0.003 -19"><span class='ocrx_word' id='word_1_131' title='bbox 1 2001 4 2060; x_wconf 74' lang='grc' dir='ltr'>ἶ</span> <span class='ocrx_word' id='word_1_132' title='bbox 93 2006 238 2069; x_wconf 84' lang='lat' dir='ltr'>motione</span> <span class='ocrx_word' id='word_1_133' title='bbox 264 2011 296 2068; x_wconf 90' lang='lat' dir='ltr'>et</span> <span class='ocrx_word' id='word_1_134' title='bbox 321 2003 427 2086; x_wconf 90' lang='lat' dir='ltr'>gloria</span> <span class='ocrx_word' id='word_1_135' title='bbox 452 2006 592 2070; x_wconf 88' lang='lat' dir='ltr'>nominis</span> <span class='ocrx_word' id='word_1_136' title='bbox 617 2006 797 2087; x_wconf 80' lang='lat' dir='ltr'>christiani,</span> <span class='ocrx_word' id='word_1_137' title='bbox 823 2007 928 2071; x_wconf 86' lang='lat' dir='ltr'>multa</span> <span class='ocrx_word' id='word_1_138' title='bbox 947 2005 1033 2072; x_wconf 90' lang='lat' dir='ltr'>bona</span> <span class='ocrx_word' id='word_1_139' title='bbox 1058 2008 1122 2072; x_wconf 85' lang='lat' dir='ltr'>cito</span> <span class='ocrx_word' id='word_1_140' title='bbox 1152 2007 1223 2072; x_wconf 90' lang='lat' dir='ltr'>fieri</span> 
     </span>
    </p>
   </div>
   <div class='ocr_carea' id='block_1_10' title="bbox 93 2112 1223 2519">
    <p class='ocr_par' dir='ltr' id='par_1_10' title="bbox 93 2112 1223 2302">
     <span class='ocr_line' id='line_1_17' title="bbox 93 2112 1223 2198; baseline 0 -20"><span class='ocrx_word' id='word_1_141' title='bbox 93 2117 256 2196; x_wconf 87' lang='lat' dir='ltr'>poterunt.</span> <span class='ocrx_word' id='word_1_142' title='bbox 282 2113 327 2176; x_wconf 86' lang='lat' dir='ltr'>Et</span> <span class='ocrx_word' id='word_1_143' title='bbox 352 2112 519 2177; x_wconf 86' lang='lat' dir='ltr'>nilminus</span> <span class='ocrx_word' id='word_1_144' title='bbox 536 2113 563 2177; x_wconf 92' lang='lat' dir='ltr'>si</span> <span class='ocrx_word' id='word_1_145' title='bbox 579 2112 663 2178; x_wconf 87' lang='lat' dir='ltr'>forte</span> <span class='ocrx_word' id='word_1_146' title='bbox 680 2113 893 2197; x_wconf 85' lang='lat' dir='ltr'>contingeret,</span> <span class='ocrx_word' id='word_1_147' title='bbox 920 2113 1005 2196; x_wconf 91' lang='lat' dir='ltr'>quod</span> <span class='ocrx_word' id='word_1_148' title='bbox 1024 2115 1148 2198; x_wconf 89' lang='lat' dir='ltr'>aliquid</span> <span class='ocrx_word' id='word_1_149' title='bbox 1165 2135 1223 2196; x_wconf 90' lang='lat' dir='ltr'>per</span> 
     </span>
     <span class='ocr_line' id='line_1_18' title="bbox 94 2209 1078 2302; baseline 0.002 -19"><span class='ocrx_word' id='word_1_150' title='bbox 94 2241 152 2284; x_wconf 89' lang='lat' dir='ltr'>nos</span> <span class='ocrx_word' id='word_1_151' title='bbox 169 2219 263 2285; x_wconf 87' lang='lat' dir='ltr'>fieret</span> <span class='ocrx_word' id='word_1_152' title='bbox 278 2241 351 2284; x_wconf 88' lang='lat' dir='ltr'>cum</span> <span class='ocrx_word' id='word_1_153' title='bbox 368 2219 485 2302; x_wconf 78' lang='lat' dir='ltr'>Turco,</span> <span class='ocrx_word' id='word_1_154' title='bbox 502 2222 622 2288; x_wconf 86' lang='lat' dir='ltr'>erimus</span> <span class='ocrx_word' id='word_1_155' title='bbox 638 2211 778 2287; x_wconf 83' lang='lat' dir='ltr'>libenter</span> <span class='ocrx_word' id='word_1_156' title='bbox 794 2243 963 2288; x_wconf 79' lang='lat' dir='ltr'>memores</span> <span class='ocrx_word' id='word_1_157' title='bbox 1076 2209 1078 2214; x_wconf 34' lang='lat'>⁸</span> 
     </span>
    </p>

    <p class='ocr_par' dir='ltr' id='par_1_11' title="bbox 98 2325 1223 2519">
     <span class='ocr_line' id='line_1_19' title="bbox 201 2325 1223 2411; baseline 0.001 -20"><span class='ocrx_word' id='word_1_158' title='bbox 201 2327 254 2392; x_wconf 91' lang='lat' dir='ltr'>De</span> <span class='ocrx_word' id='word_1_159' title='bbox 286 2334 407 2409; x_wconf 87' lang='lat' dir='ltr'>quanto</span> <span class='ocrx_word' id='word_1_160' title='bbox 432 2327 591 2410; x_wconf 89' lang='lat' dir='ltr'>dixerunt,</span> <span class='ocrx_word' id='word_1_161' title='bbox 617 2350 697 2411; x_wconf 91' lang='lat' dir='ltr'>qnos</span> <span class='ocrx_word' id='word_1_162' title='bbox 724 2328 820 2392; x_wconf 88' lang='lat' dir='ltr'>etiam</span> <span class='ocrx_word' id='word_1_163' title='bbox 846 2329 1032 2394; x_wconf 88' lang='lat' dir='ltr'>advisamus</span> <span class='ocrx_word' id='word_1_164' title='bbox 1063 2325 1223 2392; x_wconf 88' lang='lat' dir='ltr'>Nuntium</span> 
     </span>
     <span class='ocr_line' id='line_1_20' title="bbox 98 2431 1223 2519; baseline 0.002 -21"><span class='ocrx_word' id='word_1_165' title='bbox 98 2431 219 2499; x_wconf 73' lang='lat' dir='ltr'>Turchi</span> <span class='ocrx_word' id='word_1_166' title='bbox 237 2435 300 2499; x_wconf 88' lang='lat' dir='ltr'>huc</span> <span class='ocrx_word' id='word_1_167' title='bbox 316 2437 449 2517; x_wconf 88' lang='lat' dir='ltr'>venisse,</span> <span class='ocrx_word' id='word_1_168' title='bbox 466 2443 502 2501; x_wconf 91' lang='lat' dir='ltr'>nt</span> <span class='ocrx_word' id='word_1_169' title='bbox 526 2437 607 2501; x_wconf 87' lang='lat' dir='ltr'>dixit</span> <span class='ocrx_word' id='word_1_170' title='bbox 633 2437 737 2501; x_wconf 90' lang='lat' dir='ltr'>solum</span> <span class='ocrx_word' id='word_1_171' title='bbox 762 2458 821 2519; x_wconf 93' lang='lat' dir='ltr'>pro</span> <span class='ocrx_word' id='word_1_172' title='bbox 847 2437 943 2500; x_wconf 87' lang='lat' dir='ltr'>certis</span> <span class='ocrx_word' id='word_1_173' title='bbox 970 2434 1223 2518; x_wconf 85' lang='lat' dir='ltr'>particularibus</span> 
     </span>
    </p>
   </div>
   <div class='ocr_carea' id='block_1_11' title="bbox 1 2541 1222 2627">
    <p class='ocr_par' dir='ltr' id='par_1_12' title="bbox 1 2541 1222 2627">
     <span class='ocr_line' id='line_1_21' title="bbox 1 2541 1222 2627; baseline 0.002 -23"><span class='ocrx_word' id='word_1_174' title='bbox 1 2577 2 2604; x_wconf 55' lang='grc' dir='ltr'><strong>ι</strong></span> <span class='ocrx_word' id='word_1_175' title='bbox 98 2541 291 2627; x_wconf 85' lang='lat' dir='ltr'>differentijs</span> <span class='ocrx_word' id='word_1_176' title='bbox 308 2549 534 2625; x_wconf 85' lang='lat' dir='ltr'>mercatorum,</span> <span class='ocrx_word' id='word_1_177' title='bbox 560 2545 637 2610; x_wconf 89' lang='lat' dir='ltr'>licet</span> <span class='ocrx_word' id='word_1_178' title='bbox 662 2552 771 2610; x_wconf 86' lang='lat' dir='ltr'>tamen</span> <span class='ocrx_word' id='word_1_179' title='bbox 796 2564 854 2609; x_wconf 90' lang='lat' dir='ltr'>nos</span> <span class='ocrx_word' id='word_1_180' title='bbox 880 2545 1107 2624; x_wconf 76' lang='lat' dir='ltr'>existimemus</span> <span class='ocrx_word' id='word_1_181' title='bbox 1135 2542 1222 2625; x_wconf 87' lang='lat' dir='ltr'>quod</span> 
     </span>
    </p>
   </div>
   <div class='ocr_carea' id='block_1_12' title="bbox 3 2649 1224 4244">
    <p class='ocr_par' dir='ltr' id='par_1_13' title="bbox 3 2649 1224 4244">
     <span class='ocr_line' id='line_1_22' title="bbox 97 2649 1029 2737; baseline 0.003 -24"><span class='ocrx_word' id='word_1_182' title='bbox 97 2649 325 2734; x_wconf 87' lang='lat' dir='ltr'>principaliter</span> <span class='ocrx_word' id='word_1_183' title='bbox 341 2654 464 2718; x_wconf 90' lang='lat' dir='ltr'>venerit</span> <span class='ocrx_word' id='word_1_184' title='bbox 480 2675 541 2735; x_wconf 92' lang='lat' dir='ltr'>pro</span> <span class='ocrx_word' id='word_1_185' title='bbox 559 2653 767 2737; x_wconf 84' lang='lat' dir='ltr'>explorandis</span> <span class='ocrx_word' id='word_1_186' title='bbox 783 2653 881 2717; x_wconf 88' lang='lat' dir='ltr'>rebus</span> <span class='ocrx_word' id='word_1_187' title='bbox 898 2652 1029 2717; x_wconf 91' lang='lat' dir='ltr'>nostris.</span> 
     </span>
     <span class='ocr_line' id='line_1_23' title="bbox 9 2747 1224 2843; baseline -0.003 -16"><span class='ocrx_word' id='word_1_188' title='bbox 9 2747 14 2754; x_wconf 45' lang='lat'>⁵</span> <span class='ocrx_word' id='word_1_189' title='bbox 206 2757 330 2826; x_wconf 90' lang='lat' dir='ltr'>Verum</span> <span class='ocrx_word' id='word_1_190' title='bbox 355 2759 515 2842; x_wconf 92' lang='lat' dir='ltr'>quomodo</span> <span class='ocrx_word' id='word_1_191' title='bbox 541 2758 698 2826; x_wconf 79' lang='lat' dir='ltr'>Oratores</span> <span class='ocrx_word' id='word_1_192' title='bbox 723 2762 796 2843; x_wconf 87' lang='lat' dir='ltr'>ipsi,</span> <span class='ocrx_word' id='word_1_193' title='bbox 821 2767 858 2825; x_wconf 89' lang='lat' dir='ltr'>ut</span> <span class='ocrx_word' id='word_1_194' title='bbox 884 2760 1044 2840; x_wconf 89' lang='lat' dir='ltr'>dixerunt,</span> <span class='ocrx_word' id='word_1_195' title='bbox 1071 2757 1113 2824; x_wconf 87' lang='lat' dir='ltr'>ad</span> <span class='ocrx_word' id='word_1_196' title='bbox 1131 2756 1224 2823; x_wconf 83' lang='lat' dir='ltr'>Sum·</span> 
     </span>
     <span class='ocr_line' id='line_1_24' title="bbox 96 2863 1223 2951; baseline 0.001 -23"><span class='ocrx_word' id='word_1_197' title='bbox 96 2886 181 2930; x_wconf 91' lang='lat' dir='ltr'>mum</span> <span class='ocrx_word' id='word_1_198' title='bbox 197 2865 390 2932; x_wconf 90' lang='lat' dir='ltr'>Pontificem</span> <span class='ocrx_word' id='word_1_199' title='bbox 406 2867 583 2951; x_wconf 82' lang='lat' dir='ltr'>profecturi</span> <span class='ocrx_word' id='word_1_200' title='bbox 600 2874 684 2949; x_wconf 83' lang='lat' dir='ltr'>sunt,</span> <span class='ocrx_word' id='word_1_201' title='bbox 700 2873 879 2951; x_wconf 91' lang='lat' dir='ltr'>petuntque</span> <span class='ocrx_word' id='word_1_202' title='bbox 897 2868 979 2932; x_wconf 93' lang='lat' dir='ltr'>scire</span> <span class='ocrx_word' id='word_1_203' title='bbox 996 2887 1016 2931; x_wconf 90' lang='lat' dir='ltr'>a</span> <span class='ocrx_word' id='word_1_204' title='bbox 1031 2866 1134 2944; x_wconf 89' lang='lat' dir='ltr'>nobis,</span> <span class='ocrx_word' id='word_1_205' title='bbox 1145 2863 1223 2946; x_wconf 93' lang='lat' dir='ltr'>quid</span> 
     </span>
     <span class='ocr_line' id='line_1_25' title="bbox 99 2973 1222 3059; baseline -0.002 -22"><span class='ocrx_word' id='word_1_206' title='bbox 99 2975 278 3056; x_wconf 85' lang='lat' dir='ltr'>exposituri</span> <span class='ocrx_word' id='word_1_207' title='bbox 305 2981 398 3042; x_wconf 89' lang='lat' dir='ltr'>sunt:</span> <span class='ocrx_word' id='word_1_208' title='bbox 428 2976 572 3056; x_wconf 71' lang='lat' dir='ltr'>dicimus</span> <span class='ocrx_word' id='word_1_209' title='bbox 604 2974 691 3058; x_wconf 90' lang='lat' dir='ltr'>quod</span> <span class='ocrx_word' id='word_1_210' title='bbox 722 2975 944 3059; x_wconf 86' lang='lat' dir='ltr'>cognoscimus</span> <span class='ocrx_word' id='word_1_211' title='bbox 976 2973 1222 3040; x_wconf 71' lang='lat' dir='ltr'>serenissimum</span> 
     </span>
     <span class='ocr_line' id='line_1_26' title="bbox 96 3079 1224 3167; baseline 0 -22"><span class='ocrx_word' id='word_1_212' title='bbox 96 3081 136 3146; x_wconf 91' lang='lat' dir='ltr'>D.</span> <span class='ocrx_word' id='word_1_213' title='bbox 163 3102 256 3146; x_wconf 91' lang='lat' dir='ltr'>suum</span> <span class='ocrx_word' id='word_1_214' title='bbox 282 3083 577 3167; x_wconf 88' lang='lat' dir='ltr'>prudentissimum,</span> <span class='ocrx_word' id='word_1_215' title='bbox 602 3105 661 3148; x_wconf 91' lang='lat' dir='ltr'>nec</span> <span class='ocrx_word' id='word_1_216' title='bbox 687 3081 883 3164; x_wconf 82' lang='lat' dir='ltr'>dubitamus,</span> <span class='ocrx_word' id='word_1_217' title='bbox 908 3081 995 3165; x_wconf 93' lang='lat' dir='ltr'>quod</span> <span class='ocrx_word' id='word_1_218' title='bbox 1027 3079 1224 3146; x_wconf 89' lang='lat' dir='ltr'>commiserit</span> 
     </span>
     <span class='ocr_line' id='line_1_27' title="bbox 96 3189 1223 3275; baseline 0 -23"><span class='ocrx_word' id='word_1_219' title='bbox 96 3189 150 3270; x_wconf 92' lang='lat' dir='ltr'>eis,</span> <span class='ocrx_word' id='word_1_220' title='bbox 167 3211 356 3273; x_wconf 88' lang='lat' dir='ltr'>quecunque</span> <span class='ocrx_word' id='word_1_221' title='bbox 374 3191 579 3275; x_wconf 87' lang='lat' dir='ltr'>expedientia</span> <span class='ocrx_word' id='word_1_222' title='bbox 597 3198 682 3273; x_wconf 87' lang='lat' dir='ltr'>sunt,</span> <span class='ocrx_word' id='word_1_223' title='bbox 698 3196 730 3255; x_wconf 92' lang='lat' dir='ltr'>et</span> <span class='ocrx_word' id='word_1_224' title='bbox 748 3191 790 3255; x_wconf 88' lang='lat' dir='ltr'>ad</span> <span class='ocrx_word' id='word_1_225' title='bbox 807 3190 1009 3274; x_wconf 90' lang='lat' dir='ltr'>propositum</span> <span class='ocrx_word' id='word_1_226' title='bbox 1027 3211 1136 3253; x_wconf 90' lang='lat' dir='ltr'>rerum</span> <span class='ocrx_word' id='word_1_227' title='bbox 1152 3209 1223 3253; x_wconf 85' lang='lat' dir='ltr'>sua-</span> 
     </span>
     <span class='ocr_line' id='line_1_28' title="bbox 96 3291 1222 3379; baseline -0.001 -18"><span class='ocrx_word' id='word_1_228' title='bbox 96 3318 176 3376; x_wconf 91' lang='lat' dir='ltr'>rum,</span> <span class='ocrx_word' id='word_1_229' title='bbox 192 3318 252 3379; x_wconf 81' lang='lat' dir='ltr'>pro</span> <span class='ocrx_word' id='word_1_230' title='bbox 270 3291 384 3378; x_wconf 84' lang='lat' dir='ltr'>quibu’s</span> <span class='ocrx_word' id='word_1_231' title='bbox 400 3298 500 3362; x_wconf 83' lang='lat' dir='ltr'>etiarn</span> <span class='ocrx_word' id='word_1_232' title='bbox 516 3297 632 3363; x_wconf 91' lang='lat' dir='ltr'>melius</span> <span class='ocrx_word' id='word_1_233' title='bbox 650 3296 844 3377; x_wconf 88' lang='lat' dir='ltr'>obtinendis,</span> <span class='ocrx_word' id='word_1_234' title='bbox 862 3293 1028 3361; x_wconf 84' lang='lat' dir='ltr'>offerimus</span> <span class='ocrx_word' id='word_1_235' title='bbox 1045 3317 1104 3361; x_wconf 88' lang='lat' dir='ltr'>nos</span> <span class='ocrx_word' id='word_1_236' title='bbox 1122 3296 1222 3378; x_wconf 90' lang='lat' dir='ltr'>scrip·</span> 
     </span>
     <span class='ocr_line' id='line_1_29' title="bbox 95 3401 1223 3486; baseline 0 -19"><span class='ocrx_word' id='word_1_237' title='bbox 95 3410 184 3470; x_wconf 86' lang='lat' dir='ltr'>turos</span> <span class='ocrx_word' id='word_1_238' title='bbox 216 3404 259 3470; x_wconf 88' lang='lat' dir='ltr'>ad</span> <span class='ocrx_word' id='word_1_239' title='bbox 291 3402 467 3470; x_wconf 88' lang='lat' dir='ltr'>Oratorem</span> <span class='ocrx_word' id='word_1_240' title='bbox 498 3412 645 3471; x_wconf 91' lang='lat' dir='ltr'>nostrum</span> <span class='ocrx_word' id='word_1_241' title='bbox 686 3406 719 3469; x_wconf 94' lang='lat' dir='ltr'>in</span> <span class='ocrx_word' id='word_1_242' title='bbox 752 3403 871 3484; x_wconf 77' lang='lat' dir='ltr'>Curia,</span> <span class='ocrx_word' id='word_1_243' title='bbox 903 3409 942 3469; x_wconf 87' lang='lat' dir='ltr'>ut</span> <span class='ocrx_word' id='word_1_244' title='bbox 972 3410 1040 3468; x_wconf 89' lang='lat' dir='ltr'>tam</span> <span class='ocrx_word' id='word_1_245' title='bbox 1073 3403 1161 3486; x_wconf 87' lang='lat' dir='ltr'>apud</span> <span class='ocrx_word' id='word_1_246' title='bbox 1192 3401 1223 3468; x_wconf 84' lang='lat' dir='ltr'>S.</span> 
     </span>
     <span class='ocr_line' id='line_1_30' title="bbox 3 3509 1223 3604; baseline -0.002 -28"><span class='ocrx_word' id='word_1_247' title='bbox 3 3587 5 3604; x_wconf 46' lang='grc' dir='ltr'>Ι</span> <span class='ocrx_word' id='word_1_248' title='bbox 97 3511 299 3594; x_wconf 84' lang='lat' dir='ltr'>Pontificem,</span> <span class='ocrx_word' id='word_1_249' title='bbox 318 3533 414 3595; x_wconf 83' lang='lat' dir='ltr'>quam</span> <span class='ocrx_word' id='word_1_250' title='bbox 431 3514 536 3597; x_wconf 87' lang='lat' dir='ltr'>aliter,</span> <span class='ocrx_word' id='word_1_251' title='bbox 551 3519 586 3578; x_wconf 89' lang='lat' dir='ltr'>ut</span> <span class='ocrx_word' id='word_1_252' title='bbox 602 3535 683 3596; x_wconf 87' lang='lat' dir='ltr'>opus</span> <span class='ocrx_word' id='word_1_253' title='bbox 694 3513 764 3595; x_wconf 85' lang='lat' dir='ltr'>erit,</span> <span class='ocrx_word' id='word_1_254' title='bbox 775 3513 897 3578; x_wconf 90' lang='lat' dir='ltr'>eisdem</span> <span class='ocrx_word' id='word_1_255' title='bbox 909 3512 1104 3580; x_wconf 88' lang='lat' dir='ltr'>Oratoribus</span> <span class='ocrx_word' id='word_1_256' title='bbox 1114 3509 1223 3576; x_wconf 88' lang='lat' dir='ltr'>favere</span> 
     </span>
     <span class='ocr_line' id='line_1_31' title="bbox 3 3609 1224 3704; baseline -0.001 -21"><span class='ocrx_word' id='word_1_257' title='bbox 3 3609 5 3618; x_wconf 48' lang='lat'><strong>¹</strong></span> <span class='ocrx_word' id='word_1_258' title='bbox 95 3617 220 3702; x_wconf 84' lang='lat' dir='ltr'>debeat,</span> <span class='ocrx_word' id='word_1_259' title='bbox 236 3626 269 3685; x_wconf 90' lang='lat' dir='ltr'>et</span> <span class='ocrx_word' id='word_1_260' title='bbox 289 3641 386 3703; x_wconf 87' lang='lat' dir='ltr'>agere</span> <span class='ocrx_word' id='word_1_261' title='bbox 401 3643 462 3704; x_wconf 89' lang='lat' dir='ltr'>pro</span> <span class='ocrx_word' id='word_1_262' title='bbox 478 3621 576 3686; x_wconf 92' lang='lat' dir='ltr'>rebus</span> <span class='ocrx_word' id='word_1_263' title='bbox 593 3621 659 3684; x_wconf 87' lang='lat' dir='ltr'>suis</span> <span class='ocrx_word' id='word_1_264' title='bbox 675 3642 739 3685; x_wconf 91' lang='lat' dir='ltr'>non</span> <span class='ocrx_word' id='word_1_265' title='bbox 755 3621 869 3703; x_wconf 88' lang='lat' dir='ltr'>minus,</span> <span class='ocrx_word' id='word_1_266' title='bbox 895 3641 992 3702; x_wconf 88' lang='lat' dir='ltr'>quam</span> <span class='ocrx_word' id='word_1_267' title='bbox 1019 3640 1078 3701; x_wconf 92' lang='lat' dir='ltr'>pro</span> <span class='ocrx_word' id='word_1_268' title='bbox 1104 3619 1224 3683; x_wconf 87' lang='lat' dir='ltr'>nostris</span> 
     </span>
     <span class='ocr_line' id='line_1_32' title="bbox 95 3724 1223 3812; baseline -0.002 -21"><span class='ocrx_word' id='word_1_269' title='bbox 95 3728 248 3811; x_wconf 85' lang='lat' dir='ltr'>proprijs·</span> <span class='ocrx_word' id='word_1_270' title='bbox 274 3727 314 3791; x_wconf 86' lang='lat' dir='ltr'>In</span> <span class='ocrx_word' id='word_1_271' title='bbox 341 3731 447 3812; x_wconf 86' lang='lat' dir='ltr'>specie</span> <span class='ocrx_word' id='word_1_272' title='bbox 473 3736 582 3794; x_wconf 82' lang='lat' dir='ltr'>tamen</span> <span class='ocrx_word' id='word_1_273' title='bbox 601 3727 766 3792; x_wconf 88' lang='lat' dir='ltr'>videretur</span> <span class='ocrx_word' id='word_1_274' title='bbox 783 3727 885 3808; x_wconf 87' lang='lat' dir='ltr'>nobis,</span> <span class='ocrx_word' id='word_1_275' title='bbox 903 3728 990 3810; x_wconf 90' lang='lat' dir='ltr'>quod</span> <span class='ocrx_word' id='word_1_276' title='bbox 1007 3748 1026 3789; x_wconf 86' lang='lat' dir='ltr'>a</span> <span class='ocrx_word' id='word_1_277' title='bbox 1044 3724 1223 3790; x_wconf 86' lang='lat' dir='ltr'>Sanctitate</span> 
     </span>
     <span class='ocr_line' id='line_1_33' title="bbox 96 3832 1222 3919; baseline -0.004 -19"><span class='ocrx_word' id='word_1_278' title='bbox 96 3833 161 3900; x_wconf 85' lang='lat' dir='ltr'>Sua</span> <span class='ocrx_word' id='word_1_279' title='bbox 177 3835 391 3919; x_wconf 89' lang='lat' dir='ltr'>implorarent</span> <span class='ocrx_word' id='word_1_280' title='bbox 406 3837 532 3918; x_wconf 88' lang='lat' dir='ltr'>legatos</span> <span class='ocrx_word' id='word_1_281' title='bbox 548 3837 591 3902; x_wconf 90' lang='lat' dir='ltr'>ad</span> <span class='ocrx_word' id='word_1_282' title='bbox 607 3834 855 3901; x_wconf 80' lang='lat' dir='ltr'>Serenissimum</span> <span class='ocrx_word' id='word_1_283' title='bbox 875 3835 1115 3917; x_wconf 85' lang='lat' dir='ltr'>Imperatorem</span> <span class='ocrx_word' id='word_1_284' title='bbox 1130 3840 1164 3897; x_wconf 91' lang='lat' dir='ltr'>et</span> <span class='ocrx_word' id='word_1_285' title='bbox 1180 3832 1222 3895; x_wconf 86' lang='lat' dir='ltr'>ad</span> 
     </span>
     <span class='ocr_line' id='line_1_34' title="bbox 96 3941 1222 4029; baseline -0.003 -21"><span class='ocrx_word' id='word_1_286' title='bbox 96 3941 219 4028; x_wconf 82' lang='lat' dir='ltr'>Regem</span> <span class='ocrx_word' id='word_1_287' title='bbox 250 3943 408 4010; x_wconf 89' lang='lat' dir='ltr'>Bohemie</span> <span class='ocrx_word' id='word_1_288' title='bbox 440 3951 472 4009; x_wconf 93' lang='lat' dir='ltr'>et</span> <span class='ocrx_word' id='word_1_289' title='bbox 503 3944 686 4029; x_wconf 88' lang='lat' dir='ltr'>specialiter</span> <span class='ocrx_word' id='word_1_290' title='bbox 712 3946 745 4008; x_wconf 92' lang='lat' dir='ltr'>in</span> <span class='ocrx_word' id='word_1_291' title='bbox 769 3944 991 4027; x_wconf 76' lang='lat' dir='ltr'>&#39;Hungariam¹</span> <span class='ocrx_word' id='word_1_292' title='bbox 1017 3948 1053 4006; x_wconf 88' lang='lat' dir='ltr'>ut</span> <span class='ocrx_word' id='word_1_293' title='bbox 1085 3961 1222 4023; x_wconf 85' lang='lat' dir='ltr'>regnum</span> 
     </span>
     <span class='ocr_line' id='line_1_35' title="bbox 95 4050 1222 4136; baseline -0.003 -22"><span class='ocrx_word' id='word_1_294' title='bbox 95 4051 175 4116; x_wconf 87' lang='lat' dir='ltr'>illud</span> <span class='ocrx_word' id='word_1_295' title='bbox 207 4050 351 4118; x_wconf 90' lang='lat' dir='ltr'>collectis</span> <span class='ocrx_word' id='word_1_296' title='bbox 380 4053 524 4136; x_wconf 89' lang='lat' dir='ltr'>undique</span> <span class='ocrx_word' id='word_1_297' title='bbox 550 4053 674 4117; x_wconf 79' lang='lat' dir='ltr'>viribus</span> <span class='ocrx_word' id='word_1_298' title='bbox 700 4053 798 4117; x_wconf 86' lang='lat' dir='ltr'>etiam</span> <span class='ocrx_word' id='word_1_299' title='bbox 824 4055 1055 4132; x_wconf 86' lang='lat' dir='ltr'>consequenter</span> <span class='ocrx_word' id='word_1_300' title='bbox 1086 4069 1222 4130; x_wconf 87' lang='lat' dir='ltr'>regnum</span> 
     </span>
     <span class='ocr_line' id='line_1_36' title="bbox 96 4155 1223 4244; baseline -0.002 -22"><span class='ocrx_word' id='word_1_301' title='bbox 96 4157 282 4243; x_wconf 85' lang='lat' dir='ltr'>Majestatis</span> <span class='ocrx_word' id='word_1_302' title='bbox 314 4159 415 4244; x_wconf 89' lang='lat' dir='ltr'>Regis</span> <span class='ocrx_word' id='word_1_303' title='bbox 442 4162 501 4242; x_wconf 87' lang='lat' dir='ltr'>sui,</span> <span class='ocrx_word' id='word_1_304' title='bbox 527 4161 567 4226; x_wconf 88' lang='lat' dir='ltr'>ab</span> <span class='ocrx_word' id='word_1_305' title='bbox 600 4162 687 4226; x_wconf 89' lang='lat' dir='ltr'>omni</span> <span class='ocrx_word' id='word_1_306' title='bbox 712 4158 857 4243; x_wconf 90' lang='lat' dir='ltr'>periculo</span> <span class='ocrx_word' id='word_1_307' title='bbox 890 4164 922 4221; x_wconf 91' lang='lat' dir='ltr'>et</span> <span class='ocrx_word' id='word_1_308' title='bbox 954 4156 1105 4221; x_wconf 89' lang='lat' dir='ltr'>molestia</span> <span class='ocrx_word' id='word_1_309' title='bbox 1137 4155 1223 4220; x_wconf 88' lang='lat' dir='ltr'>tueri</span> 
     </span>
    </p>
   </div>
   <div class='ocr_carea' id='block_1_13' title="bbox 3 4266 206 4348">
    <p class='ocr_par' dir='ltr' id='par_1_14' title="bbox 3 4266 206 4348">
     <span class='ocr_line' id='line_1_37' title="bbox 3 4266 206 4348; baseline 0.01 -19"><span class='ocrx_word' id='word_1_310' title='bbox 3 4303 4 4316; x_wconf 54' lang='lat'><em>2</em></span> <span class='ocrx_word' id='word_1_311' title='bbox 94 4266 206 4348; x_wconf 86' lang='lat' dir='ltr'>possit.</span> 
     </span>
    </p>
   </div>
   <div class='ocr_carea' id='block_1_14' title="bbox 100 4367 1222 4566">
    <p class='ocr_par' dir='ltr' id='par_1_15' title="bbox 100 4367 1222 4566">
     <span class='ocr_line' id='line_1_38' title="bbox 201 4367 1222 4458; baseline -0.007 -20"><span class='ocrx_word' id='word_1_312' title='bbox 201 4373 252 4438; x_wconf 88' lang='lat' dir='ltr'>De</span> <span class='ocrx_word' id='word_1_313' title='bbox 271 4374 504 4448; x_wconf 87' lang='lat' dir='ltr'>munitionibus</span> <span class='ocrx_word' id='word_1_314' title='bbox 522 4375 674 4454; x_wconf 83' lang='lat' dir='ltr'>cruciate,</span> <span class='ocrx_word' id='word_1_315' title='bbox 702 4394 782 4458; x_wconf 87' lang='lat' dir='ltr'>quas</span> <span class='ocrx_word' id='word_1_316' title='bbox 807 4376 933 4456; x_wconf 82' lang='lat' dir='ltr'>petunt,</span> <span class='ocrx_word' id='word_1_317' title='bbox 964 4369 1108 4452; x_wconf 86' lang='lat' dir='ltr'>dicimus,</span> <span class='ocrx_word' id='word_1_318' title='bbox 1135 4367 1222 4452; x_wconf 88' lang='lat' dir='ltr'>quod</span> 
     </span>
     <span class='ocr_line' id='line_1_39' title="bbox 100 4474 1222 4566; baseline -0.003 -19"><span class='ocrx_word' id='word_1_319' title='bbox 100 4478 138 4547; x_wconf 81' lang='lat' dir='ltr'>ad</span> <span class='ocrx_word' id='word_1_320' title='bbox 165 4481 410 4566; x_wconf 86' lang='lat' dir='ltr'>requisitionem</span> <span class='ocrx_word' id='word_1_321' title='bbox 440 4488 472 4546; x_wconf 90' lang='lat' dir='ltr'>et</span> <span class='ocrx_word' id='word_1_322' title='bbox 491 4483 680 4548; x_wconf 82' lang='lat' dir='ltr'>instantiam</span> <span class='ocrx_word' id='word_1_323' title='bbox 700 4479 732 4548; x_wconf 81' lang='lat' dir='ltr'>S.</span> <span class='ocrx_word' id='word_1_324' title='bbox 750 4479 917 4544; x_wconf 89' lang='lat' dir='ltr'>Pontificis</span> <span class='ocrx_word' id='word_1_325' title='bbox 943 4479 1025 4544; x_wconf 86' lang='lat' dir='ltr'>alias</span> <span class='ocrx_word' id='word_1_326' title='bbox 1052 4477 1124 4542; x_wconf 86' lang='lat' dir='ltr'>dari</span> <span class='ocrx_word' id='word_1_327' title='bbox 1149 4474 1222 4545; x_wconf 87' lang='lat' dir='ltr'>seci-</span> 
     </span>
    </p>
   </div>
   <div class='ocr_carea' id='block_1_15' title="bbox 0 0 1632 5304">
    <p class='ocr_par' dir='ltr' id='par_1_16' title="bbox 0 0 1632 5304">
     <span class='ocr_line' id='line_1_40' title="bbox 0 0 1632 5304; baseline 0 0"><span class='ocrx_word' id='word_1_328' title='bbox 0 0 1632 5304; x_wconf 95' lang='lat' dir='ltr'> </span> 
     </span>
    </p>
   </div>
  </div>
 </body>
</html>
