3256 5304
626 368 720 444 1413.
1176 363 1239 442 aar

106 552 148 616 ob
166 575 249 636 quas
270 555 446 634 dessident,
468 557 555 618 omni
574 557 681 621 studio
698 562 731 620 et
756 555 926 636 diligentia
950 576 1009 620 sua
1033 554 1145 631 nitere,
1170 553 1243 618 illas

106 683 303 744 componere
320 668 353 726 et
379 663 527 726 dominos
554 664 642 745 ipsos
668 665 798 746 penitus
824 665 924 742 unire,
949 661 1167 742 ostendasque
1192 683 1242 726 co-

106 768 179 832 miti
196 768 373 836 Vladislao
388 791 501 852 pacem
519 776 551 834 et
568 771 774 835 concordiam
790 792 863 835 cum
879 775 972 853 patre
988 788 1046 852 pro
1066 768 1137 851 ipso
1154 769 1243 851 prin·

112 875 314 958 cipalissime
339 875 516 957 facerent
542 877 675 943 directis
701 878 824 944 viribus
851 883 884 942 et
901 878 1018 942 studiis
1043 877 1189 959 paternis
1213 882 1246 940 et

111 984 190 1066 suia,
217 988 250 1048 et
265 988 546 1068 recuperationem
565 987 656 1068 regni
673 987 821 1068 Bossine,
839 985 1040 1051 dominatum
1059 1005 1152 1048 suum
1178 1004 1244 1048 arn-

108 1092 217 1174 pliare
233 1093 344 1175 possit.
364 1093 459 1176 Nihil
475 1095 609 1159 tandem
635 1096 834 1159 intentatum
860 1093 1038 1174 relinquen,
1063 1097 1100 1155 ut
1123 1112 1188 1174 pax
1212 1096 1245 1154 et

110 1201 288 1268 concordia
303 1202 390 1265 inter
407 1223 461 1267 eos
479 1207 642 1284 sequatur,
663 1204 690 1266 si
706 1201 774 1266 ulla
791 1201 844 1267 via
859 1201 893 1265 id
907 1198 1062 1283 possibile
1079 1205 1137 1264 est.

218 1309 334 1374 Factis
350 1308 608 1393 expositionibus
628 1310 694 1374 tuis
711 1315 744 1374 et
760 1308 874 1374 habita
899 1307 1115 1390 responsione,
1139 1304 1245 1370 subito

110 1413 153 1480 ad
169 1438 229 1480 nos
246 1416 360 1498 scribe,
377 1423 410 1482 et
425 1439 533 1482 rerum
552 1418 696 1482 omnium
722 1416 956 1500 particularem
981 1413 1245 1480 informationem

110 1525 166 1589 des
192 1529 262 1588 tam
287 1524 326 1588 de
353 1525 593 1592 conditionibus
619 1525 752 1590 dominii
779 1545 901 1603 eorum,
926 1544 1024 1605 quam
1049 1523 1088 1587 de
1120 1521 1243 1587 viribus

6 1621 11 1628 ’
111 1633 188 1715 suis,
206 1632 247 1697 de
264 1632 479 1715 dispositione
506 1657 574 1717 sua,
600 1634 640 1699 de
664 1632 826 1716 gentibue,
851 1654 933 1715 quas
952 1631 1084 1710 habent,
1111 1631 1175 1695 sive
1190 1630 1248 1694 ha-

111 1739 190 1805 bere
215 1748 358 1824 possent,
384 1741 424 1804 de
453 1741 557 1822 modo,
579 1762 652 1826 ¹quo
678 1741 868 1824 impresiam
897 1739 1048 1823 capiendi
1079 1737 1247 1817 haberent,

111 1849 153 1914 de
185 1849 254 1915 suis
302 1849 388 1913 inter
430 1870 483 1914 eos
525 1847 733 1928 differentiis,
767 1853 801 1912 et
842 1847 947 1912 causis
983 1852 1017 1910 et
1056 1845 1247 1928 rationibus,

113 1957 196 2039 quid
214 1978 336 2040 speras,
353 1956 433 2038 quid
450 1956 553 2021 credis
570 1954 724 2020 futurum.
740 1956 786 2020 Et
800 1955 941 2020 breviter
958 1953 997 2018 de
1022 1953 1120 2019 rebus
1146 1955 1246 2019 omni-

112 2063 184 2145 bus,
219 2085 301 2146 quas
328 2061 550 2130 verisimiliter
574 2084 633 2128 nos
660 2063 842 2146 intelligere
869 2062 994 2142 debere,
1019 2068 1051 2126 et
1076 2084 1155 2145 opus
1179 2083 1249 2126 esse

113 2173 327 2253 intellexeris,
344 2171 518 2255 presertim
535 2191 609 2235 vero
630 2171 835 2236 voluntatem
852 2177 885 2236 et
909 2170 1154 2254 dispositionem
1180 2191 1250 2252 pre-

1 2279 2 2289 ’
113 2279 178 2346 fati
195 2278 313 2344 Duobe
329 2284 363 2344 et
380 2277 493 2342 modos
510 2299 548 2342 ac
565 2275 644 2362 iias,
662 2300 743 2360 quas
763 2278 863 2343 habet
879 2279 922 2343 ad
939 2277 1001 2342 hoe
1017 2277 1192 2358 negotium,
1208 2277 1250 2340 ab

1 2417 2 2446 ;
113 2409 152 2452 eo
168 2387 355 2471 intelligere
371 2407 511 2470 procura
527 2391 559 2449 et
580 2406 640 2450 nos
665 2386 785 2466 advisa,
810 2393 844 2450 et
869 2391 1013 2451 nostrum
1038 2386 1072 2448 in
1102 2383 1250 2467 partibus

113 2494 182 2559 illis
199 2495 392 2560 mandatum
409 2495 605 2578 expectabis.

225 2601 277 2666 De
293 2610 386 2686 parte
449 2639 491 2649 -
538 2639 581 2650 -—
632 2607 703 2668 134.

227 2709 282 2775 De
298 2733 363 2776 non
449 2747 492 2758 ——
541 2750 576 2759 -
674 2717 702 2776 2.

226 2815 496 2882 Nonsincere—
543 2855 586 2864 -
680 2823 706 2882 l.

231 2946 389 3005 (Velenezei
404 2945 586 3010 allamkdnyv
601 2951 660 2996 180.
675 2947 705 3007 l.)

610 3054 771 3064 ——m—-n

659 3184 733 3246 147.

120 3327 220 3390 1463.
246 3322 447 3389 Aoelencaei
473 3326 706 3391 allamtono'cs·
721 3324 853 3396 11111111
880 3349 901 3389 a
927 3327 1170 3412 bornatorszdyi
1195 3327 1257 3390 bra

3 3425 6 3516 i
118 3433 269 3517 nejc‘nek,
285 3432 384 3496 11111111
392 3434 483 3518 fdrje
498 3435 589 3498 toret
606 3435 770 3521 foysdpba
789 3446 876 3513 11111,
904 3459 925 3498 a
952 3436 1056 3499 kbvete
1083 3434 1166 3498 111111
1191 3436 1256 3498 kot-

418 3549 492 3605 11111
508 3543 580 3606 kc'rt
596 3542 778 3632 adltedpdij
795 3543 988 3628 tdrpyrtban.

4 3635 6 3696 ³
119 3678 427 3748 Moooonxrrr.
445 3681 496 3746 aa
513 3682 580 3752 rx.
597 3681 808 3767 Septembris.

4 3789 14 3838 ξ’
233 3788 332 3872 Quod
349 3788 527 3873 Spectabili
548 3791 653 3874 militi,
678 3791 821 3857 Domino
837 3789 978 3858 Nicolao
995 3791 1105 3870 Testa,
1123 3790 1259 3856 Oratori

5 3987 6 3992 γ
121 3894 307 3979 Magnifice
325 3893 467 3962 Domine
484 3898 647 3963 Bennisse
664 3897 807 3977 Oroatis,
833 3898 889 3981 qui
910 3919 1013 3981 nuper
1028 3898 1116 3962 venit
1132 3897 1173 3962 ad
1189 3920 1259 3980 pre—

5 4017 7 4074 j
123 4005 266 4069 sentiam
291 4005 396 4069 nostri
421 4003 569 4070 Dominii
594 4013 627 4071 et
652 4011 746 4090 parte
778 4006 907 4089 prefate
939 4005 1068 4071 domine
1100 4006 1259 4088 exposuit,

6 4145 8 4210 ᾗ
121 4112 207 4177 velle
225 4112 421 4195 intelligere,
448 4114 476 4177 si
492 4115 635 4179 contenti
651 4116 781 4196 erimus
808 4134 875 4197 pro¹
893 4113 1114 4196 redemptione
1131 4112 1261 4196 Magni-

122 4220 178 4284 fici
195 4219 317 4304 Banni,
334 4222 395 4285 viri
412 4221 462 4284 sui
479 4243 499 4285 a
519 4221 634 4286 Turcis
652 4223 748 4305 capti,
773 4229 922 4287 mutuare
939 4221 1085 4304 aliquam
1111 4221 1262 4304 pecunia·

7 4399 9 4414 ,
124 4350 199 4392 rum
218 4329 450 4411 quantitatem,
468 4330 628 4412 cumipse
645 4327 777 4394 domina
802 4335 958 4394 contenta
984 4329 1027 4393 sit
1052 4329 1086 4393 in
1110 4328 1261 4393 manibus

8 4519 9 4522 Ἴ
125 4436 235 4499 nostri
253 4435 390 4500 dominii
406 4434 590 4518 depositare
608 4436 646 4499 de
663 4436 744 4500 locis
761 4445 793 4501 et
809 4437 981 4502 fortaliciis
997 4437 1063 4502 suis
1088 4458 1147 4520 pro
1175 4455 1264 4500 secu·

7 4612 12 4638 ,-
125 4543 227 4607 ritate
245 4543 458 4625 pecuniarum
478 4565 538 4624 per
564 4564 623 4606 nos
654 4541 845 4628 dandarum,
878 4551 911 4608 et
943 4567 1031 4628 casu,
1062 4566 1125 4627 quo
1158 4543 1263 4608 dictus
