3256 5304
359 343 422 404 258
711 356 946 402 nrmouacznu
964 344 1131 401 narramur.
1165 330 1181 370 ·’

366 517 519 583 Pontifex
535 514 700 580 Maximus
717 538 756 581 ac
772 515 1019 581 Illustrissimus
1036 515 1196 580 Dominus
1215 514 1291 578 Dux
1302 513 1498 596 Burgundie

362 633 395 690 et
411 647 470 690 nos
485 623 710 708 personaliter,
726 627 759 688 et
775 624 898 688 cunctis
915 622 1037 687 viribus
1061 629 1129 688 tam
1156 622 1249 704 mari,
1273 644 1371 705 quam
1396 629 1500 703 terra,

361 735 454 800 Duce
471 733 542 813 dec,
558 732 676 797 facturi
693 753 811 812 sumus,
828 733 912 796 sicut
928 753 986 816 per
1003 730 1085 797 alias
1111 731 1265 796 seriosius
1285 730 1376 795 vobis
1394 730 1500 813 scrip·

361 844 470 908 simus·
487 840 688 908 Confidimus
714 861 855 923 namque
871 841 902 904 in
921 860 1061 923 superna
1077 839 1257 919 clementia,
1274 837 1361 922 quod
1387 837 1497 904 hostis

361 954 423 1017 iste
439 952 582 1034 undique
598 950 844 1033 propulsabitur
860 971 933 1014 eum
950 954 1064 1014 eterna
1080 947 1187 1032 gloria
1204 946 1399 1013 Serenitatis
1416 945 1500 1030 Sue,

360 1065 394 1125 et
409 1060 548 1126 aliorum
575 1059 766 1142 Principum
792 1059 1053 1138 christianorum,
1080 1057 1135 1139 qui
1160 1056 1204 1122 ad
1227 1056 1313 1121 hanc
1344 1061 1499 1122 sanctam

361 1167 601 1252 expeditionem
618 1167 796 1251 profecturi
813 1172 897 1232 sunt.
913 1167 984 1232 Nos
1002 1185 1131 1249 quoque
1147 1187 1212 1230 nou
1233 1185 1396 1229 cessamus
1416 1185 1497 1228 con-

365 1277 455 1341 tinue
472 1275 651 1341 conducere
676 1281 711 1338 et
727 1273 880 1357 expedire
900 1279 1013 1356 gentes
1029 1278 1198 1355 equestres
1225 1278 1258 1337 et
1271 1271 1441 1356 pedestres
1460 1279 1498 1337 et
1519 1272 1521 1274 ’

334 1467 340 1474 ,
358 1385 507 1448 similiter
523 1382 644 1467 galeas,
662 1404 743 1465 quas
768 1383 926 1447 mittimus
942 1387 1056 1447 contra
1071 1381 1216 1461 hostem;
1242 1381 1360 1447 scimus
1388 1381 1496 1444 etiam

363 1489 396 1557 S.
411 1491 604 1557 Pontificem
630 1491 774 1574 reliquas
800 1513 895 1556 curas
920 1512 1029 1556 omnes
1055 1491 1251 1574 deposuisse,
1277 1496 1311 1554 ot
1339 1489 1499 1554 similiter

358 1597 523 1683 prelatum
539 1599 664 1664 Ducem
680 1598 882 1684 Burgundie,
893 1605 927 1664 et
943 1599 987 1664 ad
1003 1598 1085 1663 nihil
1103 1595 1191 1664 aliud
1202 1597 1380 1680 attendere,
1391 1619 1498 1680 quam

357 1709 400 1773 ad
418 1709 502 1773 hanc
518 1714 666 1780 sanctam
682 1707 932 1790 expeditionem.

467 1817 601 1882 Placuit
616 1822 766 1900 preterea
783 1816 875 1882 nobis
891 1817 1066 1900 plurimum
1083 1817 1275 1900 intelligere,
1287 1816 1374 1900 quod
1391 1815 1497 1881 fueri-

358 1924 402 1990 tis
421 1929 454 1990 et
472 1925 543 1989 sitis
560 1925 699 2010 vigilans
716 1931 749 1990 et
759 1926 904 1990 intentus
919 1933 1056 2012 propter
1072 1948 1119 2006 ea,
1130 1949 1192 2009 quc
1203 1925 1308 2008 Regio
1317 1924 1502 2008 Majestati

363 2033 539 2116 potuerint,
555 2054 611 2098 seu
628 2041 762 2119 possent
778 2033 903 2116 referri,
920 2035 1008 2117 quod
1024 2035 1219 2118 pretendere
1235 2033 1432 2099 voluerimus
1451 2034 1501 2097 ad

356 2163 408 2206 res
425 2141 572 2223 Bossine,
589 2148 622 2206 et
639 2141 726 2224 quod
741 2141 998 2226 justificaveritis
1017 2148 1049 2207 et
1062 2141 1300 2226 justificaturus
1326 2141 1400 2206 sitis
1417 2163 1498 2206 cum

355 2251 490 2334 propria
505 2249 643 2315 veritate
670 2270 798 2314 causam
826 2256 979 2332 nostram,
1011 2252 1093 2316 sicut
1117 2251 1339 2334 superioribus
1365 2250 1498 2315 nostris

354 2354 459 2422 literis
489 2358 580 2423 vobis
605 2358 799 2441 scripsimus.
825 2358 871 2422 Et
895 2359 956 2422 hoc
986 2359 1072 2424 idem
1103 2359 1240 2424 dicimus
1265 2359 1305 2424 de
1331 2358 1499 2425 Bannatu

356 2461 498 2529 Oroatis.
531 2465 735 2548 Demumque
769 2467 925 2548 volumus,
961 2467 1049 2550 quod
1080 2467 1120 2532 de
1145 2467 1347 2533 successibus
1378 2489 1497 2533 rernm

356 2574 487 2637 illarum
504 2573 662 2638 curiosius
679 2575 749 2639 sitis
765 2575 884 2641 litteris
900 2577 1017 2641 vestris
1034 2599 1092 2640 nos
1109 2577 1265 2640 certiores
1281 2575 1419 2641 efficere.

462 2681 505 2766 ψ
553 2685 615 2747 137
662 2716 706 2728 -
752 2687 772 2746 o
822 2722 863 2732 -
910 2690 939 2750 o.

462 2845 619 2907 (Velenczei
631 2847 811 2911 allamkbnyv
825 2850 884 2898 208.
898 2849 928 2909 l.)

838 3045 996 3054 ...m—...—

358 3437 452 3505 1463.
484 3437 514 3506 Α
534 3436 685 3507 celeaczei
702 3439 922 3510 attentantes
939 3449 1071 3512 vdloszu
1088 3444 1192 3534 Aymo
1208 3443 1314 3513 Ja'nos
1329 3467 1495 3541 mappae·

329 3621 332 3626 .
357 3551 486 3636 orszdpt‘
502 3552 676 3632 kbcetdbez,
702 3567 888 3641 mentepetoe
904 3563 1013 3643 mayor
1039 3582 1059 3620 a
1092 3557 1297 3621 ssent-sebdbi
1313 3557 1496 3644 fejedelem

342 3657 452 3740 fidunt
478 3659 648 3724 Ldszldual
674 3669 756 3725 uzuu
775 3665 1018 3751 ezimborosdpc
1035 3666 1068 3728 c's
1084 3689 1105 3728 c
1123 3665 1335 3751 areptupudott
1351 3665 1495 3732 kblcsb'n

819 3775 1013 3859 tdrppo'bun.

322 3982 325 3988 ¹
350 3957 642 4032 MOOOOLXHI.
658 3966 711 4031 die
728 3967 872 4034 XXXI.
889 3969 1090 4035 Decembris.

458 4067 519 4134 Ser
535 4070 660 4139 Joanni
683 4073 782 4140 Aimo
808 4077 914 4159 militi,
940 4074 1074 4143 Oratori
1099 4084 1212 4142 nostro
1238 4078 1280 4142 ad
1307 4073 1495 4145 Serenissi·

348 4198 436 4240 mum
452 4175 576 4260 Regem
595 4182 776 4266 Hungarie.

350 4288 378 4348 2·
397 4281 724 4376 SaplfflleSOOssSilij
825 4307 970 4380 Reddite
1002 4322 1078 4381 sunt
1112 4313 1206 4380 nobis
1231 4300 1341 4381 littere
1372 4323 1495 4386 vestre

354 4397 378 4458 l·
476 4419 489 4453 ἢ
582 4396 643 4462 ll
781 4418 846 4486 diei
877 4423 984 4486 ultimi
1015 4421 1213 4488 Novembris
1255 4423 1390 4504 decursi,
1417 4443 1493 4506 que

349 4499 519 4581 Sapientes
539 4504 698 4602 Ordipum
781 4529 874 4592 nobis
902 4529 1140 4614 displicentiam
1166 4553 1229 4595 non
1246 4532 1404 4596 modicam
1433 4543 1493 4600 at·

349 4585 605 4601 Q—u-m.
