3290 5314
363 349 426 416 112
715 363 951 412 omnoulozmi
969 342 1139 408 auctuum

360 549 530 612 possumus
546 533 579 592 et
595 526 637 591 ad
653 547 712 590 nos
728 532 863 608 spectat,
888 525 1063 589 statuimus
1089 519 1310 604 multiplicare
1335 521 1495 603 provisio·

361 659 426 718 nes,
442 644 478 701 ut
493 637 601 718 pravis
617 635 686 718 ejus
713 634 923 715 conceptibus
949 633 1149 710 resistamus,
1173 627 1311 710 ideoque
1337 649 1402 692 non
1426 629 1495 692 vel-

292 795 295 802 .
361 746 465 810 lemus
491 744 616 828 ingredi
641 765 718 823 rem,
740 764 803 823 que
828 742 869 806 eb
897 741 955 805 boc
980 745 1092 804 nostro
1117 737 1295 802 christiano
1322 737 1492 820 proposito

361 851 521 917 divertere
547 873 605 916 nos
625 856 743 934 posset,
760 851 856 914 sicuti
882 851 981 913 etiam
1007 848 1087 911 certi
1114 867 1232 925 sumus,
1257 846 1344 929 quod
1362 843 1492 910 Sereni-

362 966 412 1024 tas
438 958 506 1024 Sua
521 980 584 1024 non
601 959 699 1023 vellet
724 979 782 1041 per
807 978 864 1020 nos
890 955 968 1035 fieri,
985 977 1083 1037 quam
1100 976 1163 1017 non
1181 952 1378 1033 dubitamus,
1404 955 1491 1035 quod

362 1089 421 1150 pro
437 1067 539 1131 multa
555 1087 613 1130 sua
630 1066 793 1148 sapientia
810 1069 842 1129 et
856 1064 988 1147 justicia
1005 1062 1225 1145 judicaturam
1249 1060 1310 1124 has
1332 1061 1491 1143 justifica-

361 1177 466 1240 tiones
482 1180 610 1240 nostras
620 1185 698 1238 'esse
714 1169 926 1237 rationabiles
943 1176 977 1235 et
993 1171 1157 1234 honestas.

470 1280 566 1346 Oirca
582 1286 711 1363 partem
726 1278 868 1344 faciendi
895 1283 1008 1341 contra
1036 1277 1192 1356 Turchos,
1219 1277 1345 1368 scilicet
1368 1277 1490 1362 Majes·

361 1395 414 1454 tas
431 1389 499 1456 Sua
514 1389 604 1471 prius
620 1388 781 1453 deliberat
797 1387 961 1468 acquirere
972 1385 997 1452 J
1000 1407 1117 1449 annam
1135 1406 1172 1449 ac
1188 1383 1349 1467 Regnum,
1360 1385 1490 1450 deinde-

362 1519 424 1580 que
440 1497 644 1580 magnanime
662 1495 835 1579 procedere
847 1501 878 1581 et
890 1499 949 1560 ect.
976 1493 1138 1558 Dicimus:
1163 1493 1247 1576 quod
1266 1495 1488 1558 existimamus

361 1603 499 1688 Regiam
517 1603 731 1670 Serenitatem
748 1603 848 1669 Suam
865 1605 974 1668 omnia
991 1602 1228 1666 consultissime
1244 1624 1283 1666 ac
1308 1603 1490 1684 prudentis·

362 1714 441 1777 sime
458 1734 583 1796 semper
608 1733 712 1794 agere,
738 1711 794 1778 sed
810 1711 970 1795 quomodo
988 1713 1113 1792 asserit,
1131 1711 1217 1792 quod
1234 1712 1261 1774 si
1288 1711 1415 1775 videtur
1434 1733 1488 1775 no-

362 1818 411 1882 bis
428 1818 517 1884 aliud
533 1822 848 1886 commemorandum
865 1842 944 1900 esse,
969 1820 1004 1884 id
1028 1818 1168 1884 libenter
1194 1819 1378 1902 intelligere
1402 1841 1489 1884 rere-

362 1934 472 1992 reuter
489 1910 634 2009 dicimus,
652 1928 739 2010 quod
756 1930 933 1993 eommunis
950 1928 1011 1992 iste
1027 1929 1128 1993 hostis
1145 1949 1209 1990 non
1228 1928 1357 1992 dormit.
1383 1927 1488 2010 Regia

362 2034 524 2118 Majestae
545 2035 718 2118 Hungarie
744 2037 807 2117 dici
832 2036 924 2100 nobis
949 2036 1035 2116 fecit,
1059 2056 1118 2118 per
1143 2035 1285 2100 medium
1311 2033 1487 2117 Secretarij

362 2145 475 2224 nostri,
502 2165 597 2227 quem
624 2143 712 2227 apud
737 2165 808 2210 eam
833 2150 989 2226 tenemus,
1014 2143 1102 2227 quod
1127 2165 1198 2208 cum
1219 2143 1488 2226 promissionibus

361 2249 562 2332 Legatorum
587 2251 840 2334 apostolicorum
858 2257 978 2314 etcum
1003 2272 1061 2334 spe
1086 2249 1220 2334 subsidij
1239 2250 1488 2315 christianorum

363 2356 417 2421 diu
434 2358 561 2422 steterit
577 2359 610 2423 in
627 2380 836 2443 guerrarum
863 2359 1004 2440 Turoho,
1031 2359 1183 2442 quodque
1200 2358 1240 2424 ab
1265 2359 1358 2422 annis
1385 2359 1487 2423 tribus

363 2466 445 2529 citra
462 2471 593 2549 arrepte
609 2473 642 2532 et
658 2472 824 2550 asportate
842 2473 917 2532 suut
933 2487 992 2550 per
1011 2466 1136 2530 Turcos
1161 2487 1201 2530 ex
1226 2466 1307 2530 locis
1332 2472 1364 2530 et
1392 2467 1487 2530 terri-

362 2573 455 2654 torijs
471 2573 537 2636 suis
554 2573 660 2638 anime
677 2571 735 2638 OO
754 2574 845 2639 milla
861 2579 893 2638 et
909 2573 1005 2652 ultra,
1023 2595 1092 2638 rem
1112 2574 1230 2656 quippe
1246 2574 1337 2638 dictu
1353 2574 1486 2658 impiam

363 2685 397 2744 et
414 2677 628 2760 horrendam,
655 2686 687 2744 et
706 2682 793 2764 quod
817 2681 1004 2765 permodice
1032 2687 1107 2746 sunt
1133 2675 1246 2746 (lomus
1272 2680 1487 2747 Dominorum

362 2786 543 2870 Hungarie,
569 2807 630 2868 que
655 2788 689 2850 in
714 2789 846 2872 proprio
872 2789 1029 2871 sauguine
1046 2788 1177 2854 ensibus
1199 2788 1404 2854 Tarchorum
1419 2811 1486 2853 ma-

362 2895 488 2961 defacta
504 2916 568 2961 nou
593 2895 724 2978 fuerint,
750 2897 874 2977 absque
900 2917 974 2960 vero
1000 2896 1253 2961 christianorum
1269 2917 1331 2979 ope
1348 2897 1487 2980 amplius

362 3005 481 3069 durare
497 3027 562 3070 non
578 3008 693 3087 potest,
710 3003 913 3086 maximeque
930 3023 968 3067 eo
986 3008 1094 3068 stante
1121 3025 1196 3067 cum
1221 3004 1399 3087 Majestate
1423 3005 1487 3068 Im·

361 3111 525 3194 peratoris
539 3118 636 3192 prout
654 3116 728 3193 stat,
747 3110 834 3192 quod
850 3115 905 3176 aut
922 3109 1130 3175 succumbere
1146 3110 1262 3176 Turcis
1278 3117 1412 3176 coactus
1430 3118 1487 3194 est,

362 3223 420 3282 aut
444 3217 650 3282 concordium
676 3239 795 3300 capere
821 3241 892 3283 cum
918 3217 1036 3283 damno
1063 3218 1323 3300 christianorum,
1349 3221 1487 3303 quodsi

361 3323 444 3390 forte
460 3325 630 3408 accideret,
647 3323 734 3409 quod
750 3324 840 3390 Deus
856 3331 993 3408 avertat,
1019 3325 1163 3392 dubitari
1179 3349 1242 3392 non
1270 3327 1376 3408 debet,
1401 3328 1486 3412 quod

362 3432 441 3497 data
457 3437 544 3496 esset
561 3432 668 3496 Turro
689 3431 831 3499 facilitas
855 3435 1051 3518 penetrandi
1077 3436 1110 3499 in
1136 3457 1208 3500 eam
1232 3441 1369 3518 partem,
1389 3457 1485 3518 quam

364 3537 472 3622 vellet,
488 3540 521 3604 in
538 3539 661 3604 viscera
677 3535 936 3624 christianorum,
963 3543 1066 3608 stubi
1083 3541 1249 3608 Serenitss
1266 3542 1335 3608 Sua
1351 3544 1431 3609 dicit
1446 3545 1485 3608 de

361 3647 559 3714 transeundo
589 3670 628 3714 ex
644 3648 831 3716 Brundusio
856 3652 1058 3734 Dirachium,
1084 3651 1232 3718 forsitam
1257 3653 1385 3720 Turnus
1411 3660 1483 3718 ante

360 3757 534 3822 transitum
564 3749 672 3824 facere
697 3765 807 3843 posset
833 3781 871 3824 ex
897 3759 1048 3826 Aralona
1072 3759 1308 3842 Brundusium,
1333 3759 1484 3844 quemad

360 3863 490 3928 modum
503 3865 571 3950 jam
588 3866 651 3931 sibi
667 3868 813 3950 spondet,
840 3874 873 3932 et
890 3867 1050 3950 gloriatur
1083 3889 1116 3933 se
1141 3868 1248 3933 facere
1273 3866 1364 3950 velle,
1389 3874 1422 3934 ct
1446 3871 1484 3934 si·

361 3971 427 4037 cuti
452 3973 550 4039 etiam
576 3974 641 4039 diei
665 3975 757 4040 nobis
783 3975 869 4039 fecit.
906 3975 1062 4041 Pontifex
1086 3977 1244 4041 maximus
1271 3997 1304 4040 se
1336 3977 1484 4044 dubitare
1584 3971 1590 3979 '

361 4083 448 4164 quod
480 4103 544 4147 non
569 4081 678 4165 faciat,
703 4104 801 4165 quam
825 4105 893 4148 rem
918 4084 1089 4149 certissimi
1116 4105 1233 4167 sumus,
1268 4084 1355 4166 quod
1381 4085 1484 4166 Regia

361 4187 527 4256 Serenitas
553 4189 629 4272 Sua,
655 4213 716 4274 que
742 4196 791 4256 est
815 4192 1107 4276 principalissimus
1124 4193 1197 4257 Rex
1222 4194 1483 4274 christianorum,

359 4299 468 4366 videre
483 4321 548 4365 non
564 4301 660 4364 vellet
684 4301 884 4384 temporibus
911 4302 985 4382 suia,
1001 4301 1138 4385 ideoque
1163 4304 1381 4370 necessarium
1406 4303 1484 4366 exis·

360 4409 523 4492 timamus,
555 4413 592 4474 ut
616 4409 776 4492 imprimis
802 4411 970 4494 prestandi
995 4411 1062 4478 sint
1087 4411 1214 4477 favores
1240 4409 1420 4496 Hungarie,
1450 4416 1484 4476 ut
