3314 5300
347 399 411 462 380
699 413 936 461 niroonaezrm
953 399 1121 457 suessan.

348 574 411 640 sibi
435 575 668 659 promissarum
694 595 826 638 eausam
843 571 977 638 Domini
994 574 1052 654 sui,
1076 578 1108 637 et
1124 594 1281 656 expensas
1297 571 1401 635 factas
1417 590 1479 652 per

344 705 416 748 eum
443 705 528 748 anno
553 681 705 768 presenti,
731 681 921 763 ingentibus
946 681 1124 763 armigeris,
1150 685 1182 745 et
1209 700 1401 763 quecunque
1418 699 1478 760 per
1596 725 1602 728 -
1649 705 1654 738 s

344 791 559 876 Majestatem
570 789 670 857 Suam
686 795 805 870 secuta,
822 788 959 874 ideoque
976 789 1083 854 verbis
1100 788 1331 854 efficacissimis
1348 785 1478 866 institit,

344 897 510 984 provideri
526 897 589 964 sibi
606 897 644 963 de
662 897 808 981 pecunijs
822 898 918 982 juxta
934 898 1105 981 promissa,
1121 919 1193 962 eum
1210 896 1326 980 quibus
1343 915 1474 959 succur-

345 1029 417 1073 rere
432 1009 537 1092 possit
553 1007 703 1092 gentibus
719 1029 777 1092 per
794 1006 894 1073 Suam
912 1005 1131 1073 serenitatem
1146 1006 1334 1086 conductis3
1361 1010 1395 1069 et
1411 1025 1480 1067 orn-

345 1115 441 1182 nibus
466 1115 680 1182 consideratis
706 1138 770 1181 non
795 1117 837 1182 sit
862 1115 1123 1200 permittendum,
1149 1113 1236 1198 quod
1260 1111 1382 1178 Orator
1410 1112 1482 1194 ipse

231 1279 234 1284 .
345 1221 493 1289 discedat
510 1223 633 1308 absque
650 1223 759 1306 aliquo
776 1229 873 1306 gratu
888 1228 998 1290 nostro
1009 1244 1176 1306 responso.
1193 1220 1375 1304 Propterea
1385 1218 1485 1284 vadit

348 1353 444 1416 pars:
468 1333 556 1415 quod
581 1331 647 1397 illis
672 1331 766 1399 bonis
791 1338 824 1397 et
849 1330 1087 1416 pertinentibus
1104 1329 1221 1410 verbis,
1248 1349 1310 1410 que
1327 1326 1476 1410 Collegio

347 1439 553 1521 videbuntur,
577 1442 769 1507 honestetur
794 1447 827 1507 et
848 1439 1044 1525 justificetur
1068 1459 1259 1523 responsum
1275 1436 1404 1521 pridem
1422 1457 1481 1519 per

348 1567 406 1612 nos
432 1547 564 1631 factum,
589 1548 651 1632 ipsi
668 1548 818 1628 Oratori3
844 1555 1135 1614 commemorentur
1162 1567 1290 1629 quoque
1317 1543 1379 1609 sibi
1405 1565 1479 1626 gru-

349 1655 479 1720 uissime
505 1656 650 1740 impense
675 1662 803 1738 nostre3
827 1663 860 1722 et
885 1657 1012 1723 demum
1030 1655 1158 1721 dicatur
1175 1655 1246 1734 sibi,
1272 1652 1359 1736 quod
1376 1673 1480 1734 quan-

348 1785 446 1847 quam
462 1765 606 1848 presenti
622 1771 768 1848 tempore
784 1763 1012 1831 difficillimum
1029 1764 1122 1830 nobis
1138 1763 1190 1844 sit,
1215 1783 1410 1845 recuperare
1426 1782 1481 1844 pe·

347 1871 469 1954 cuniae,
486 1873 677 1939 conabimur
696 1879 814 1954 tamen,
830 1896 888 1958 per
904 1871 1043 1939 reditum
1059 1893 1152 1937 suum
1169 1871 1210 1937 ab
1226 1871 1318 1937 Urbe
1335 1868 1482 1952 reperire

348 1977 487 2046 florenos
504 1981 538 2046 X
550 1980 662 2062 millia,
678 1980 855 2047 mittendos
872 1980 914 2046 ad
931 1981 1094 2064 prefatam
1106 1979 1247 2063 Regiam
1257 1977 1482 2062 Majestatem.

457 2085 499 2170 ΔΓ
548 2085 609 2153 113
657 2127 701 2137 -
750 2093 766 2152 1
815 2124 856 2136 -
905 2094 934 2153 e.

349 2211 560 2295 551111θῦ168
579 2212 717 2298 001131Ῑῇ
838 2231 935 2316 Quod
962 2233 1096 2297 attentis
1121 2231 1170 2315 ijs,
1198 2250 1262 2312 que
1288 2229 1321 2293 in
1343 2230 1483 2294 materia

347 2325 366 2384 2
463 2343 479 2379 1
572 2321 632 2386 Η·
782 2341 1003 2424 pecuniarum,
1035 2361 1097 2423 que
1122 2337 1407 2420 impresentiarum
1432 2361 1502 2402 re-.
1625 2339 1654 2422 ’ξ

349 2429 388 2489 l·
462 2454 477 2488 »
566 2425 727 2494 ordinum
783 2445 957 2532 quiruntur
988 2469 1048 2530 per
1080 2445 1252 2513 Oratorem
1277 2447 1383 2530 Regio
1409 2445 1483 2511 Ma-

348 2519 719 2530 ——-——.—....--

344 2553 471 2637 jestatis
486 2556 667 2638 Hungarie,
691 2556 806 2622 merito
832 2554 1029 2621 considerari
1046 2552 1173 2637 debent,
1199 2560 1231 2620 et
1246 2553 1362 2619 melius
1379 2553 1476 2618 intel-

347 2660 415 2744 ligi,
446 2685 542 2744 quam
567 2663 663 2728 aliter
688 2663 848 2747 explicari
872 2664 1009 2746 possint,
1040 2669 1147 2728 stetur
1172 2684 1268 2746 super
1293 2662 1477 2746 justificata

348 2769 557 2851 responsione
583 2776 704 2851 nostra,
729 2772 855 2854 pridem
882 2770 1074 2852 deliberata,
1099 2793 1158 2854 per
1183 2770 1271 2836 istud
1288 2768 1472 2835 Consilium
1576 2829 1579 2836 .
1650 2825 1654 2836 Δ

350 2899 414 2961 que
439 2898 511 2941 oum
537 2878 720 2944 rationibus
746 2881 849 2963 captis
875 2886 908 2944 et
932 2879 1031 2944 etiam
1048 2900 1121 2946 oum
1138 2879 1221 2964 alijs,
1246 2901 1309 2962 que
1326 2877 1478 2962 Collegio

349 2985 553 3067 videbuntur,
569 2985 735 3080 honestari
752 2985 876 3068 debeat,
892 2986 976 3052 sicut
991 3009 1073 3070 opus
1088 2987 1160 3052 erit.

456 3092 508 3157 De
524 3101 619 3176 parte
644 3099 694 3158 58.

457 3256 614 3316 (Velenezei
628 3257 807 3321 allamkdnyv
824 3260 881 3308 127.
893 3258 911 3308 l.
927 3260 993 3309 Doo.
1008 3258 1055 3320 ΙΙ.)

881 3673 955 3734 231.

349 3834 446 3898 1465.
463 3833 563 3900 Collis
574 3833 695 3898 Gallica
712 3833 859 3897 velercczei
875 3833 964 3898 Induat
981 3834 1339 3921 aotildodifejedelmet
1350 3837 1487 3922 Ma'tyo‘s

349 3941 463 4026 tiraty
487 3941 662 4024 uazassapt
688 3941 845 4026 itqyeirdl,
871 3941 904 4004 e's
919 3965 940 4004 a
957 3941 1199 4028 tercie-mappae
1215 3943 1378 4029 dpyekbea
1395 3967 1417 4008 a
1434 3965 1487 4008 ve-

642 4049 801 4113 loaeze'selr
818 4047 1001 4114 itzelmeirb't
1019 4050 1187 4136 tudo'sitjc.

457 4243 686 4310 Illustrissimo
697 4243 836 4328 Signore
853 4265 911 4326 per
926 4243 1039 4310 l’altra
1055 4246 1120 4312 mia
1136 4246 1330 4330 precedente
1347 4246 1487 4333 advisay

351 4349 474 4418 Vostra
489 4351 701 4435 Oelsitudine,
728 4373 818 4419 como
844 4353 982 4426 assando
1008 4359 1104 4420 uento
1123 4376 1187 4438 qua
1203 4355 1236 4421 lo
1253 4355 1426 4425 Veschovo
1444 4355 1486 4423 de

352 4455 489 4542 Oandia,
513 4461 545 4527 io
566 4460 598 4527 lo
615 4460 752 4527 andaria
768 4457 946 4527 advisitare
962 4482 1019 4545 per
1035 4462 1203 4530 intendere
1219 4464 1337 4529 alonna
1352 4466 1487 4534 novella

352 4564 392 4631 de
402 4565 558 4650 Ungaria,
575 4589 592 4632 e
609 4571 677 4638 cusi
692 4570 735 4638 bo
752 4571 857 4652 fact03
873 4591 890 4633 e
907 4577 1028 4658 quanto
1046 4571 1085 4640 de
1101 4572 1158 4659 luy
1174 4571 1344 4661 ho-posuto
1355 4595 1485 4662 cavare,
