3292 5310
675 365 770 431 1453.
1275 369 1293 431 5

167 541 304 606 Sacram
314 541 477 607 Coronam
487 541 631 624 ejusdem
641 541 745 625 Regni
757 545 902 609 venturis
913 544 1057 627 proxime
1067 541 1180 609 diebus
1192 545 1292 628 capiti

166 671 223 714 suo
240 649 379 714 feliciter
395 654 630 734 suscepturum.
646 651 692 717 Et
709 652 857 733 quamvis
868 672 934 715 non
945 649 1128 716 dubitemus
1139 651 1186 715 rei
1195 649 1292 735 hujus

165 757 288 821 famam
312 756 494 840 peregrinis
520 756 678 822 relatibus
706 757 806 821 etiam
831 757 874 822 ad
894 757 1007 823 Illrem
1026 757 1292 826 Dominationem

164 862 321 930 Vestram
337 853 440 949 usque
459 864 635 943 devenisse,
651 869 761 929 tamen
783 864 943 947 singulari
966 864 1107 946 quadam
1118 863 1291 932 affectione

164 971 305 1053 permoti
315 992 372 1036 nos
383 971 417 1035 in
427 972 556 1054 privato
567 993 636 1036 rem
646 971 730 1036 hane
741 971 869 1036 Illustri
880 970 1013 1035 Domini
1024 971 1092 1040 Vre
1105 972 1288 1054 significan-

165 1078 241 1143 dam
258 1078 465 1163 instituimur,
481 1099 598 1160 equum
616 1077 814 1144 arbitrantes
831 1079 865 1142 id
881 1077 989 1161 aptius
1002 1079 1233 1163 honestiusque
1247 1080 1289 1144 ab

165 1207 204 1250 eo
220 1207 289 1251 esse
306 1185 564 1268 significandum,
581 1187 671 1269 cujus
687 1206 740 1250 res
757 1185 890 1268 propria
901 1186 1019 1270 agitur,
1035 1191 1069 1251 et
1081 1189 1136 1268 qui
1147 1192 1237 1252 tante
1247 1187 1291 1250 le·

164 1294 237 1358 titio
248 1293 424 1376 primatum
439 1298 537 1358 tenet.
554 1293 670 1359 Letari
681 1293 783 1376 igitur
793 1298 942 1375 optamus
954 1293 1124 1358 Illustrem
1135 1294 1291 1361 Domina-

166 1401 290 1466 cionem
306 1401 411 1470 Vram
438 1406 506 1466 tam
530 1400 679 1466 felicibus
698 1399 901 1464 successibus
917 1399 1019 1482 ipsius
1035 1400 1169 1465 Domini
1186 1402 1289 1466 nostri

167 1510 261 1574 electi
270 1509 371 1593 Regis
385 1514 417 1574 et
427 1515 523 1575 aucto
534 1508 649 1574 honori
659 1531 716 1574 suo
726 1509 957 1590 congratulari,
968 1530 1065 1590 quam
1075 1507 1151 1573 huie
1160 1509 1286 1591 Regno,

164 1619 357 1700 nationique
366 1622 479 1683 nostre
489 1638 607 1701 magno
619 1616 911 1700 sempredesiderio
922 1621 955 1680 ct
964 1614 1182 1679 multosavore
1193 1613 1287 1680 affec-

164 1732 233 1790 tam
258 1725 473 1790 inteleximus.
504 1723 650 1789 Nuntius
675 1724 790 1788 horum
816 1722 1010 1807 gaudiorum
1026 1729 1075 1788 est
1092 1724 1241 1806 egregius
1257 1729 1290 1786 et

165 1831 297 1898 Nobilis
313 1833 447 1916 Moyses
463 1831 568 1912 Bann,
584 1830 732 1899 Venetus
748 1828 885 1896 Aulicus
896 1831 986 1912 Rege
996 1827 1180 1909 Maestatis,
1197 1828 1289 1912 cujus

162 1940 271 2006 verbis
286 1939 431 2004 Illustris
441 1938 632 2005 Dominatio
643 1937 765 2006 Vestra
781 1937 877 2002 fidem
893 1937 1057 2016 adhibeat,
1073 1957 1171 2019 quam
1187 1935 1287 2022 felici·

163 2056 215 2112 ter
230 2047 339 2113 valere
355 2046 585 2112 desideramus.
600 2047 724 2112 Datum
735 2045 829 2110 Bude
846 2042 907 2127 (in)
925 2043 1067 2108 Civitate
1077 2043 1182 2125 Regni
1193 2043 1286 2109 Hun-

163 2156 284 2238 gariae‚
309 2153 490 2236 penultima
506 2154 559 2219 die
574 2155 599 2220 J
601 2153 725 2236 anuarj.
758 2151 857 2217 Anno
873 2150 974 2216 Dmni
989 2149 1181 2216 Millessimo
1198 2148 1287 2234 Qua·

163 2255 420 2346 dringcnt'esimo
437 2260 717 2346 Quinquagesimo
734 2260 859 2326 Octavo

163 2369 309 2438 Michael
325 2369 435 2452 Zilagi
453 2368 492 2433 de
508 2369 680 2450 Horegzeg

163 2478 272 2561 Regni
289 2477 462 2559 Hungarie
479 2473 687 2540 Gubernator
703 2479 762 2540 eet.
780 2482 783 2486 '

272 2583 401 2648 Illustri
417 2583 563 2666 Principi
579 2581 720 2646 Domino
737 2579 914 2646 Francisco
939 2578 1025 2644 Duci
1049 2575 1290 2642 Mediolanensi

162 2697 197 2756 et
213 2690 355 2756 Domino
372 2695 405 2754 ct
421 2686 539 2755 Amico
557 2686 682 2754 Nostro
699 2687 991 2753 honorandissimo.

270 2869 397 2931 (Mila'ndi
410 2869 494 2920 allam
508 2869 586 2931 lter.)

645 3047 804 3056 -—-—

716 3303 745 3363 3.

165 3466 260 3529 1458.
275 3462 397 3528 Jadra.
414 3462 507 3528 Peter
520 3463 644 3544 frianti
654 3462 811 3547 bclytarto'
820 3461 914 3524 levale
924 3483 946 3523 a
957 3457 1097 3522 miltiadi
1099 3454 1288 3542 fejedelem-
1311 3487 1314 3492 ·

162 3573 215 3634 bea
227 3571 359 3657 Mdtyds
375 3571 546 3657 birdlylyd
564 3567 809 3646 antecesserat,
825 3591 846 3632 a
857 3564 1111 3652 Moyyarolroalc
1128 3587 1149 3628 a
1166 3562 1288 3626 borona

164 3678 404 3743 viaazaszerze'ae
421 3675 531 3764 ve‘qotti
546 3675 811 3754 kdaadlddo'ac'rb'l,
835 3675 941 3738 torar
955 3675 1103 3758 decapota
1121 3669 1289 3736 boldldro'l

400 3787 433 3850 da
449 3811 470 3852 a
486 3784 638 3852 t'o'rdlceelc
654 3782 839 3848 Boazaidbu
855 3780 1050 3846 betdre'ae‘rbl.

270 3979 482 4046 Serenissimc
507 3978 676 4062 Princeps.
710 3977 831 4045 Siando
848 3998 912 4059 nuy
928 3974 1057 4040 debitor
1073 3972 1113 4036 de
1129 3970 1236 4034 avisar
1252 3970 1286 4033 la

164 4085 317 4172 Signoria
326 4086 450 4156 Vestra
466 4085 499 4152 di
513 4091 602 4152 tutte
620 4085 731 4167 quelle
747 4105 819 4150 oose
836 4080 1033 4165 persentimo
1050 4076 1090 4142 (16
1116 4078 1179 4158 qui,
1204 4095 1293 4140 reve·

164 4199 273 4260 renter
288 4193 452 4261 dinotemo
468 4192 535 4262 alla
550 4193 759 4260 Excellenuia
769 4187 891 4257 Vestra
917 4185 1016 4252 havcr
1042 4185 1148 4250 inteso
1174 4201 1232 4266 per
1257 4180 1291 4246 la

164 4303 215 4367 via
230 4301 271 4368 de
286 4300 400 4368 Revdo
417 4301 541 4381 misser,
565 4302 597 4367 lo
613 4300 763 4368 Vescovo
779 4298 818 4362 dc
834 4295 939 4377 Nova,
963 4299 1074 4358 vostro
1090 4289 1291 4368 fidelissimo,

166 4429 254 4474 come
268 4409 347 4474 tutti
362 4409 374 4474 i
388 4408 513 4475 Baroni
541 4407 582 4473 de
596 4405 747 4490 Ungaria
773 4405 972 4469 unitamente
997 4400 1105 4464 banno
1130 4397 1231 4462 elctto
1258 4401 1290 4459 ct

165 4514 251 4582 fatto
268 4516 320 4582 Re
344 4514 385 4581 de
400 4515 553 4600 Ungaria
577 4515 608 4580 el
633 4513 689 4578 fiol
714 4510 767 4578 del
795 4509 958 4594 quondam
982 4504 1099 4591 danus,
1133 4509 1167 4572 ct
1191 4503 1292 4570 etiam
