3256 5304
412 339 475 398 266
765 349 996 394 orenounczmi
1014 337 1183 392 sundran.

517 514 563 576 Et
578 532 638 594 per
654 510 736 574 duos
752 509 970 572 velocissimos
985 507 1130 575 Nuntios
1147 503 1256 570 subito
1272 501 1481 586 respondete,
1505 505 1537 562 ut

411 624 438 686 si
454 623 538 686 forte
558 620 642 684 alter
659 617 743 682 male
760 618 933 700 capitaret
960 637 1024 681 non
1040 615 1131 694 desit,
1147 619 1184 678 ut
1198 634 1258 696 per
1274 611 1416 676 alterum
1432 608 1537 673 saltim
1611 635 1612 650 ¹

413 728 658 813 responsionem
674 727 779 810 ipsam
794 730 938 790 vestram
953 721 1141 788 habeamus.

522 833 563 918 -l-
610 838 651 899 96
702 869 739 880 -
791 836 832 897 14
878 869 922 878 -
970 836 998 895 3.

521 995 678 1060 (Velenczei
692 997 778 1046 allam
790 995 846 1044 ltar
860 1000 920 1045 223.
934 994 962 1060 1.)

948 1429 1021 1488 162.

419 1595 514 1656 1463.
548 1590 577 1653 A
606 1589 757 1654 oelcoczci
786 1587 1003 1652 dllurntdndcs
1030 1589 1162 1672 Melpes
1197 1585 1382 1671 kirdlynolc
1414 1583 1537 1647 ddodzld
1611 1649 1612 1670 ἶ

414 1701 533 1765 drdmc‘t
541 1698 689 1784 fcjczoc'u
706 1697 742 1760 lu·
758 1723 779 1761 a
796 1697 1085 1782 boezoydlcorszdpi
1101 1695 1234 1773 diadal,
1251 1695 1283 1756 c's
1299 1718 1321 1756 a
1338 1692 1446 1756 lecodd
1462 1712 1535 1774 meg·

608 1807 783 1870 lcorouotde
793 1802 902 1886 feletl,
919 1829 990 1870 erre
1008 1804 1106 1868 keten
1124 1804 1255 1868 lcdvctett
1271 1801 1361 1865 told.
1611 1795 1612 1798 ¹

418 1999 711 2068 MOOOOLXIII.
727 2001 778 2066 die
794 1998 933 2067 XVIII.
951 2000 1134 2083 Februarij.

723 2110 938 2175 Serenissimo
955 2108 1039 2191 Regi
1056 2107 1237 2190 Hungarie.

417 2216 590 2302 sapientes
606 2214 742 2301 0⁰n⁸ffil
761 2224 792 2281 ei
901 2236 1044 2318 Magnas
1070 2234 1194 2316 gratias
1220 2230 1434 2297 Serenissimc
1449 2227 1534 2292 Prin·

501 2348 517 2382 ’
609 2329 633 2388 l·
649 2323 669 2388 f·
848 2343 937 2425 ceps!
954 2341 1074 2411 habere
1086 2362 1144 2406 nos
1155 2341 1347 2424 profitemur
1358 2337 1460 2420 Regie
1470 2334 1535 2401 Ma·

413 2452 527 2536 jestati
542 2449 671 2530 Vestra,
696 2450 784 2533 quod
809 2450 929 2514 litteris
955 2451 1022 2514 suis
1048 2450 1112 2514 diei
1129 2447 1266 2516 XVIII.
1284 2453 1317 2512 et
1334 2443 1466 2511 XXVL
1480 2440 1534 2507 Ja-

416 2559 523 2642 nuarij
541 2578 644 2640 nuper
660 2557 789 2623 decursi
806 2559 892 2622 omni
908 2556 1082 2623 affectione
1099 2557 1203 2641 plenis
1219 2555 1390 2620 nobiscum
1406 2549 1534 2618 comuni-

417 2667 540 2730 caverit
564 2664 675 2730 felices
700 2667 771 2750 ejus
787 2687 953 2732 successus
968 2667 1003 2732 in
1017 2667 1167 2746 Bossina‚
1192 2665 1443 2745 institutumque
1457 2659 1533 2724 diem
1610 2713 1611 2752 3

418 2795 509 2838 sacre
534 2780 567 2838 et
592 2774 794 2841 meritissime
821 2774 1047 2841 Coronationis
1073 2775 1193 2843 Vestro
1218 2781 1251 2840 et
1276 2773 1405 2855 reliqua
1429 2767 1533 2845 omnia,
1610 2777 1611 2852 ᾗ

418 2904 480 2966 que
497 2905 569 2946 cum
582 2882 657 2966 jure
674 2883 899 2964 benivolentie,
915 2890 985 2952 tum
1001 2883 1153 2966 foederis,
1171 2903 1234 2966 quo
1252 2881 1389 2947 invicem
1405 2873 1533 2943 devincti
1609 2897 1611 2978 ἦ

418 3013 527 3057 sumus
539 2990 715 3057 Serenitati
726 2991 858 3072 Vestra
875 2994 1025 3059 nuntiare
1036 2993 1140 3059 libuit.
1156 2991 1226 3057 Nos
1243 2991 1377 3074 quidem
1393 3010 1431 3054 ea
1447 2982 1534 3051 animi
1609 3041 1611 3080 d

419 3099 630 3182 dispositione
656 3104 689 3163 et
718 3099 932 3183 integerrima
963 3098 1134 3168 affectione
1166 3099 1285 3166 dudum
1314 3093 1532 3162 Celsitudincm
1609 3083 1611 3130 ³

418 3205 575 3273 Vestram
599 3209 837 3292 prosequimur,
862 3230 985 3292 perque
1009 3211 1163 3274 continua
1178 3214 1327 3291 tempora
1343 3199 1533 3291 prosecuturi
1610 3291 1611 3294 Ἴ

419 3335 536 3398 sumus,
562 3322 598 3380 ut
623 3337 749 3381 omnem
775 3317 845 3401 ejus
871 3317 1136 3394 sublimationem
1162 3323 1195 3382 et
1210 3316 1307 3382 decus
1324 3312 1533 3398 gratissimum

418 3443 553 3504 semper,
569 3445 634 3490 non
652 3447 753 3506 secus
769 3448 866 3509 quam
876 3427 1053 3510 proprium,
1070 3427 1215 3492 habituri
1227 3425 1346 3504 simus;
1363 3428 1396 3486 ct
1406 3423 1532 3493 econtra,
1608 3413 1611 3480 l

422 3531 449 3594 si
466 3531 628 3598 disturbia
644 3532 712 3597 ulla
728 3535 922 3618 contingant
937 3534 1110 3618 Majestati
1121 3535 1249 3614 Vestro,
1267 3553 1305 3596 ea
1321 3529 1464 3615 profecto
1479 3545 1533 3590 mo·
1609 3595 1610 3600 γ

418 3638 502 3704 lesta
527 3639 704 3705 admodum
730 3641 823 3706 nobis
850 3643 923 3724 sint,
949 3641 1059 3726 cupidi
1083 3663 1224 3724 namque
1251 3661 1362 3704 sumus
1378 3639 1491 3704 mirum
1505 3633 1533 3696 in
1609 3677 1610 3680 ,

419 3748 559 3827 modum,
594 3753 632 3812 ut
657 3748 740 3813 sicut
765 3747 982 3815 Serenitatem
1008 3748 1161 3819 Vestram
1186 3770 1304 3832 magno
1330 3746 1405 3812 fidei
1430 3743 1533 3810 ardore
1609 3733 1610 3742 ’

419 3855 612 3938 dispositam
638 3876 706 3920 esse
731 3855 885 3938 videmus,
912 3857 954 3922 ad
970 3857 1245 3941 comprimendam
1260 3855 1432 3940 perfidiam
1447 3845 1534 3916 Turni

420 3962 618 4030 infestissimi
635 3963 747 4048 hostis,
763 3966 811 4030 ita
828 3965 966 4031 sublatis
983 3967 1058 4050 alijs
1074 3965 1323 4050 impedimentis,
1341 3963 1416 4027 huic
1435 3960 1534 4025 sancto
1609 3985 1610 3990 ¹

419 4077 452 4136 et
466 4072 648 4137 necessario
666 4073 734 4155 ejus
750 4075 927 4157 proposito,
955 4074 1178 4140 desideratum
1195 4073 1315 4138 exitum
1332 4071 1411 4136 dare
1426 4066 1533 4154 possit;
1609 4071 1610 4074 ’

419 4183 547 4245 tantam
572 4181 659 4244 enim
674 4180 920 4264 magnifacimus
935 4183 1098 4264 virtutem,
1124 4182 1318 4266 sapientiam
1334 4186 1368 4245 et
1383 4173 1535 4262 magnani-

420 4291 567 4355 mitatem
582 4287 688 4373 Regie
704 4291 890 4374 Maiestatis
909 4291 1038 4372 Vestra
1064 4296 1101 4356 ut
1125 4314 1190 4356 non
1207 4290 1400 4370 dubitemus,
1426 4307 1483 4370 que
1497 4280 1532 4346 ab
1607 4287 1609 4358 ζ

422 4419 461 4462 ea
476 4397 615 4462 feliciter
631 4397 788 4463 hactenus
804 4404 897 4482 gesta
914 4405 998 4480 sunt,
1017 4398 1221 4464 inhonorem
1239 4398 1313 4477 Dei,
1338 4405 1533 4473 eternamque
1607 4385 1609 4464 l

421 4506 608 4569 memoriam
624 4505 780 4575 Vestram
796 4507 935 4590 gloriose
952 4508 1062 4592 perfici
1079 4529 1182 4591 posse.
1200 4505 1317 4590 Qualis
1333 4507 1385 4571 his
1401 4504 1434 4567 in
1449 4498 1533 4564 rebus
1608 4485 1609 4490 ἵ
