3268 5308
647 648 700 710 48.

110 769 207 830 1460.
224 763 417 834 Aoeleaozei
433 773 547 834 tandm
563 771 756 856 baldroaata
773 794 794 834 a
805 771 903 856 Papa
920 771 1088 836 haverenne
1105 772 1239 836 adaudd

144 875 299 940 odiosam
315 879 408 942 ne'zue
425 903 446 942 a
463 879 732 964 kdztdrsasa'plroa
750 879 882 943 a'rkezett
899 877 987 943 tb'rblr
1003 879 1090 943 kdvet
1106 879 1205 944 irdut.

105 1035 172 1100 Die
189 1033 293 1100 XXI.
310 1035 450 1120 Aprilis

35 1163 40 1172 '
104 1140 283 1226 Sapientes
300 1143 439 1228 COUSssll
594 1159 692 1246 Quod
708 1164 842 1231 Oratori
859 1162 985 1230 Summi
1000 1161 1169 1230 Pontificio
1185 1163 1238 1228 hin

165 1274 208 1309 ,a
303 1257 325 1315 l·
343 1250 364 1316 f·
540 1271 697 1336 existenti
723 1271 798 1336 dari
815 1269 932 1337 debeat
946 1273 1067 1336 noticia
1083 1271 1123 1336 de
1140 1291 1237 1336 eausa

102 1376 265 1442 adventus
276 1379 382 1462 nunoij
400 1377 523 1442 domini
535 1379 632 1444 Turei
649 1380 693 1444 ad
707 1401 767 1444 nos
784 1385 817 1446 et
832 1382 934 1445 eciam
952 1381 1117 1446 sueoinota
1136 1378 1238 1444 infor-

101 1485 206 1548 matio
224 1484 265 1549 de
285 1505 448 1568 responso
465 1507 524 1570 per
541 1507 600 1550 nos
617 1487 681 1554 sibi
696 1487 793 1554 facto.

214 1591 257 1676 ΔΓ
308 1597 371 1657 155
418 1632 460 1640 -
510 1600 520 1658 1
577 1637 614 1646 -
667 1601 682 1660 1

214 1720 370 1781 (Velanezei
384 1722 563 1772 allamtanaos
576 1723 753 1788 kdnyvtbdl.)

594 1901 648 1911 μ...-
653 1902 750 1911 ...η-...ι

644 2095 697 2160 49.

3 2267 7 2320 3
104 2223 204 2288 1460.
220 2221 333 2287 Altera
358 2223 499 2288 esaootdi
522 2223 651 2309 pllspb'le
676 2220 769 2288 levale
795 2247 815 2288 a
841 2227 932 2289 to'rdb
958 2222 1054 2290 elleaa'
1076 2225 1236 2312 badjdrat

574 2332 768 2417 tn‘rppotban.

3 2559 5 2594 r
213 2489 494 2556 Reverendissime
505 2489 607 2556 Pater
624 2486 817 2556 etDomine.
836 2489 1011 2558 Mandavit
1023 2493 1103 2556 milri
1112 2492 1236 2562 Vestra

3 2595 4 2604 ἶ
103 2597 298 2664 Reverenda
313 2598 461 2680 D-nati0,
486 2605 523 2664 ut
540 2598 665 2681 aliquos
690 2599 836 2664 homines
855 2600 1056 2665 mitteremus
1072 2621 1176 2682 usque
1193 2599 1235 2664 ad

3 2703 4 2706 '
103 2709 189 2774 rada
199 2707 356 2790 Danubii,
368 2707 422 2796 qui
433 2729 527 2773 veras
538 2709 698 2772 novitates
709 2711 853 2790 exparte
864 2707 1042 2776 'furnorum
1052 2707 1237 2788 defferrent,

104 2822 135 2880 et
144 2839 211 2880 non
223 2837 287 2900 que
297 2815 465 2881 audissent
475 2816 532 2881 sed
543 2838 604 2898 que
615 2815 770 2882 vidissent
780 2816 932 2882 dicerent.
942 2818 1016 2898 Ego
1026 2818 1104 2881 satis
1116 2819 1235 2898 curavi,

102 2931 139 2989 nt
147 2925 329 3009 paruissem
340 2922 887 3005 mandatoRev.DominationisV.‚
895 2925 952 2988 sed
962 2929 999 2987 ut
1008 2924 1099 3006 prius
1110 2925 1234 3006 scripsi,

103 3032 234 3098 difficile
260 3030 324 3095 fuit
341 3033 512 3115 unicuique
529 3033 708 3098 solicitario
724 3031 801 3097 illae
816 3053 861 3112 re,
877 3053 941 3096 non
957 3036 1094 3114 propter
1110 3029 1235 3095 Tureos

3 3199 5 3210 .
103 3145 243 3221 tantum,
259 3147 420 3226 quantum
436 3145 573 3223 propter
588 3145 725 3205 nostroe.
751 3138 830 3204 Misi
855 3144 964 3202 tamen
981 3138 1022 3203 ad
1039 3138 1134 3221 plura
1154 3138 1235 3217 loca,

107 3269 171 3330 quo
189 3251 239 3314 ire
256 3248 371 3332 potuit,
397 3253 430 3312 et
446 3269 518 3312 oum
537 3248 600 3312 hue
616 3248 659 3314 ad
675 3269 726 3314 me
742 3251 946 3313 revertuntur
963 3244 1089 3327 Nuntii,
1116 3246 1235 3327 quibus

104 3379 163 3440 ego
192 3358 275 3422 satis
301 3355 405 3437 eredo,
421 3357 508 3439 quod
528 3375 600 3421 sero
616 3357 668 3422 die
684 3355 760 3420 festi
777 3353 990 3420 Ascenoionis
1006 3353 1139 3418 Domini
1154 3354 1235 3418 mul-

104 3465 211 3530 titudo
227 3465 409 3530 Turcorum
420 3465 463 3530 ad
480 3464 597 3530 vadum
612 3463 758 3530 Danubii
778 3483 881 3546 prope
897 3461 1054 3528 Zendrew
1070 3461 1234 3546 apparuit,

105 3578 137 3638 et
161 3573 210 3637 ibi
235 3571 379 3636 tentoria
398 3578 468 3636 tam
484 3572 588 3636 multa
605 3578 637 3636 et
653 3573 701 3636 ita
717 3560 876 3636 notabilia
903 3568 1051 3652 fixerunt,
1076 3575 1113 3634 ut
1137 3569 1236 3635 veris·

3 3743 5 3752 ,
103 3683 180 3746 sime
207 3679 377 3746 crederent
402 3687 460 3746 aut
483 3682 714 3765 imperatorem
729 3677 913 3744 Turoorum
930 3677 1158 3761 personaliter,
1175 3683 1236 3742 aut

3 3769 4 3776 ἵ
102 3787 242 3854 Bassam
266 3788 313 3852 ibi
339 3789 472 3854 venisse.
489 3787 599 3855 Nares
625 3789 723 3853 etiam
747 3787 793 3853 ibi
818 3787 928 3870 plures
947 3786 991 3852 ad
1017 3783 1234 3851 transfretan-

102 3896 178 3961 dum
195 3901 426 3980 comportasse.
444 3893 517 3961 Heu
533 3919 616 3963 nova
633 3918 652 3961 a
669 3895 816 3980 pluribus
832 3894 941 3974 habui,
958 3893 1015 3957 sed
1031 3892 1117 3956 inter
1143 3892 1236 3968 alios,

104 4006 153 4070 nui
169 4006 277 4087 magis
294 4002 427 4088 credidi,
442 4004 608 4070 intimavit
624 4003 704 4068 mihi
729 4001 862 4085 quidam
878 3998 997 4063 nobilis
1014 3997 1098 4061 bone
1124 3995 1234 4061 eondi-

102 4112 199 4177 tionis
217 4119 251 4177 et
266 4114 315 4178 vir
332 4113 458 4196 dignus
480 4113 531 4176 oui
547 4112 628 4177 fides
644 4110 849 4190 adhibeatur,
866 4105 1024 4174 Nicolaus
1035 4102 1169 4186 Erdody
1179 4124 1235 4168 no-

103 4221 254 4304 minatuS,
271 4220 327 4304 qui
340 4241 417 4285 eum
434 4221 508 4287 aliis
519 4219 735 4286 familiaribus
748 4215 883 4284 Domini
894 4213 1034 4280 Comitis
1045 4211 1234 4276 Bistrizien·

3 4319 5 4322 ’
103 4327 144 4391 sis
159 4327 228 4392 fere
245 4349 349 4412 usque
366 4328 409 4393 ad
428 4334 491 4394 300
509 4329 632 4412 equites
649 4327 691 4392 ad
707 4322 948 4410 explorandum
964 4321 1048 4387 vada
1073 4321 1178 4386 iverat
1203 4327 1235 4384 et

105 4434 152 4500 ita
169 4433 363 4517 comperisse
380 4435 538 4500 atridissi
553 4435 633 4500 mibi
652 4433 825 4497 intimavit.
857 4432 912 4496 Ita
928 4433 962 4494 et
987 4427 1029 4493 ab
1055 4426 1129 4492 aliis
1154 4427 1234 4492 loeis

110 4545 262 4608 contione
288 4563 339 4606 res
367 4541 520 4606 defertur.
546 4543 619 4623 Ego
646 4541 693 4605 ita
718 4540 813 4604 eredo
839 4560 885 4618 ea,
910 4559 948 4601 ao
963 4535 1109 4618 quotidie
1125 4535 1235 4600 videre
