3256 5304
372 359 436 418 282
726 371 962 416 nrrnounozini
979 359 1146 415 nunnunn.

373 532 429 613 qui
454 539 505 596 est
520 531 610 614 apud
624 531 664 595 B.
681 529 792 612 Suam,
817 536 855 595 ut
870 531 957 613 apud
973 550 1046 594 eam
1062 532 1226 613 operetur,
1250 535 1283 594 et
1299 535 1389 612 agat,
1416 530 1507 612 quio·

373 640 453 723 quid
468 638 620 723 possibile
637 637 701 703 sibi
717 638 823 703 luerit.

480 746 604 815 Verum
629 747 782 828 quoniam
808 769 931 812 summe
948 748 1168 812 necessarium
1184 767 1253 812 esse
1269 747 1506 829 cognoscimus,

374 855 460 938 quod
477 853 710 921 serenissimus
726 856 798 921 Rex
822 857 961 940 amplius
987 854 1119 920 differre
1144 878 1208 921 non
1235 857 1358 922 habeat
1374 854 1417 918 ad
1434 876 1507 919 exe·

373 963 495 1029 undum
520 965 554 1029 in
570 969 687 1046 eastra,
712 964 838 1030 hortari
854 969 887 1029 et
901 986 1019 1048 rogare
1034 965 1192 1042 volumno,
1218 968 1378 1048 quantum
1393 985 1508 1046 possu-

373 1093 453 1153 mus,
476 1071 686 1156 Majestatem
703 1069 813 1154 Suam,
837 1079 875 1137 ut
894 1094 957 1154 que
972 1093 1031 1155 per
1047 1094 1121 1137 eam
1136 1071 1279 1154 gerenda
1294 1077 1372 1135 sunt
1389 1076 1507 1137 contra
1603 1119 1612 1126 -

374 1180 510 1260 hostem,
526 1179 674 1244 celeriter
689 1187 775 1263 agat,
802 1168 898 1246 sicuti
914 1181 1013 1245 etiam
1028 1179 1175 1263 pluribus
1191 1179 1296 1244 literis
1313 1179 1446 1263 scriptis
1461 1179 1508 1243 ad

374 1285 550 1352 Oratorem
566 1297 714 1352 nostrum
730 1287 818 1371 apud
836 1286 1054 1353 Serenitatem
1070 1286 1180 1368 Suam,
1197 1287 1259 1352 sibi
1275 1287 1343 1350 dici
1359 1285 1508 1366 fecimus,

375 1417 448 1461 oum
471 1416 585 1478 nempe
600 1395 704 1461 hostis
721 1397 756 1460 in
772 1393 918 1461 Amores
933 1401 966 1461 et
983 1396 1057 1480 alijs
1074 1394 1211 1460 diversis
1227 1393 1380 1479 partibus
1396 1416 1417 1458 a
1433 1415 1508 1460 nos-

374 1505 435 1569 tris
461 1503 611 1588 gcntibus
637 1504 855 1586 terrestribus,
880 1505 1073 1570 molestetur
1089 1508 1122 1570 et
1138 1503 1331 1569 offendatur.
1354 1503 1403 1567 nt
1419 1503 1509 1567 simi·

374 1614 450 1679 liter
474 1634 531 1697 per
556 1612 694 1677 classem
718 1619 864 1678 nostram
891 1613 1087 1680 maritimam
1110 1614 1144 1678 in
1164 1611 1312 1678 omnibus
1327 1613 1509 1696 provincijs

376 1727 408 1787 et
423 1721 503 1786 locis
521 1722 587 1785 suis
604 1741 644 1784 ex
659 1727 755 1803 parte
771 1722 880 1802 maris,
896 1722 959 1787 sibi
974 1721 1155 1787 inferretur
1165 1719 1296 1803 bellum,
1316 1721 1509 1786 existimare

376 1852 440 1895 non
465 1849 643 1912 possumus,
668 1826 758 1911 quod
782 1828 908 1894 Turnus
933 1851 1087 1912 magnum
1113 1851 1283 1894 numerum
1298 1831 1446 1913 gentium
1461 1835 1509 1894 te

376 1961 453 2006 nere
469 1939 573 2023 possit
589 1939 633 2004 ad
649 1940 833 2023 oppositum
849 1939 956 2022 Regio
971 1939 1169 2026 Majestatis,
1197 1939 1359 2022 quomodo
1376 1945 1510 2005 coactus

376 2053 434 2128 est,
459 2046 634 2112 notabilem
661 2068 820 2111 summam
836 2048 980 2130 gentium
998 2054 1109 2113 tenere
1125 2052 1318 2130 occupatam
1334 2052 1450 2112 contra
1463 2047 1511 2113 vi-

375 2177 427 2220 res
443 2158 582 2235 nostras,
598 2153 738 2236 ideoque
753 2175 907 2234 rogamus
922 2162 1018 2238 parte
1030 2155 1133 2238 ipsius
1144 2152 1303 2236 Oratoris,
1318 2159 1356 2219 ut
1366 2155 1510 2220 scribere

375 2263 480 2328 libeat
496 2259 710 2327 Serenissimo
726 2261 811 2344 Regi
828 2263 913 2328 hanc
929 2269 1070 2330 mentem
1085 2268 1239 2343 nostram,
1263 2263 1459 2348 hortarique
1476 2269 1511 2328 et

375 2391 491 2454 rogare
508 2392 581 2435 eum
597 2369 641 2434 ad
657 2369 839 2435 exeundum
855 2372 890 2435 in
906 2377 1022 2453 castra,
1045 2392 1106 2435 neo
1123 2370 1262 2454 amplius
1280 2369 1509 2452 differendum,

376 2484 413 2543 ut
437 2479 520 2542 sicut
545 2477 724 2543 auxiliante
739 2477 812 2544 Deo
838 2478 1033 2563 sperandum
1052 2484 1112 2560 est,
1138 2479 1317 2563 gloriosam
1333 2477 1457 2544 famam
1473 2485 1510 2545 et

376 2585 544 2651 victoriam
559 2591 726 2667 reportare
743 2586 854 2670 possit
907 2572 910 2578 ⁵

484 2689 537 2756 De
562 2691 705 2756 adventu
730 2700 849 2777 autem,
874 2701 906 2759 et
931 2695 972 2760 de
998 2695 1201 2778 expositione
1217 2694 1340 2778 prefati
1355 2691 1513 2763 Oratoris

377 2807 410 2866 et
426 2799 467 2865 de
482 2820 636 2881 responso
652 2807 767 2865 nostro
784 2802 954 2883 scribatur,
971 2809 1004 2867 et
1020 2802 1116 2892 detur
1132 2803 1255 2868 noticia
1264 2801 1397 2868 Oratori
1414 2803 1458 2867 ad
1476 2803 1512 2868 S.

377 2907 581 2988 Pontificem,
597 2908 649 2971 cui
665 2909 816 2974 mittatur
833 2911 927 2993 copia
943 2911 1039 2975 istius
1055 2912 1274 2994 responsionis
1291 2911 1405 2992 nostri,
1424 2917 1458 2976 et
1469 2913 1513 2976 si-

377 3018 497 3082 militer
522 3018 622 3081 etiam
642 3016 794 3081 mittatur
811 3018 994 3101 exemplum
1011 3019 1112 3102 ipsius
1127 3019 1350 3101 responsionis
1366 3019 1409 3084 ad
1427 3019 1515 3086 Ora-

377 3131 480 3190 torem
496 3127 644 3190 nostrum
660 3125 748 3208 apud
763 3124 905 3208 Regiam
921 3125 1134 3210 Majestatem
1150 3125 1331 3210 Hungarie

486 3233 528 3318 ³,
577 3236 641 3297 ms
688 3269 730 3278 -
780 3241 800 3299 o
846 3270 890 3279 —
937 3239 966 3298 0.

484 3397 641 3460 (Velenezei
654 3396 831 3460 allamkbnyv
847 3401 889 3447 22.
904 3397 933 3457 1.)
