3292 5310
351 343 391 402 72
701 353 938 399 orruouaczmr
956 339 1121 396 6661666.

348 521 421 585 uari
432 516 572 598 contadi,
590 514 677 581 61016
688 513 834 598 supplico
844 513 898 580 ala
908 513 949 581 V.
959 511 1012 576 Ill.
1025 509 1188 595 Signoria,
1205 509 1263 574 che
1274 531 1369 593 possa
1378 509 1479 575 haver

349 632 361 694 i
377 627 441 693 mei
456 625 594 691 dannari
610 622 749 688 contadi.

457 733 510 799 Dc
519 731 674 816 pecunijS,
685 750 767 812 quas
776 728 981 794 Excellentia
993 727 1068 809 Sua,
1078 732 1115 791 ut
1126 727 1243 792 asserit
1252 725 1373 790 habere
1385 725 1482 791 debet

351 863 372 906 a
387 839 528 906 (lamera
538 845 652 904 nostra
670 837 802 918 Oataro,
819 835 965 919 dicimuS,
981 856 1099 921 equum
1112 840 1145 900 et
1162 833 1332 900 honestum
1349 853 1428 915 esse,
1443 839 1482 898 61

351 948 479 1032 prelato
489 947 691 1013 lllDomino
704 943 852 1028 satisfiat,
862 945 1018 1030 quoniam
1027 943 1211 1009 firmissima
1220 943 1358 1008 intentio
1369 947 1482 1007 nostra

352 1063 411 1138 est,
432 1075 633 1140 quecumque
649 1055 712 1120 sibi
728 1053 899 1138 promissa,
917 1056 1043 1136 integre
1060 1051 1233 1117 observare
1249 1057 1282 1116 et
1299 1049 1409 1116 facere
1427 1049 1482 1114 ob·

353 1165 484 1246 servari,
510 1163 686 1230 scribemus
714 1162 827 1243 itaque
853 1165 885 1226 61
910 1157 1138 1226 mandabimus
1164 1157 1387 1224 efficacissime
1421 1156 1483 1223 Oo-

353 1273 424 1337 miti
451 1271 565 1336 Catari
600 1276 636 1335 61
662 1269 791 1334 omnino
816 1274 886 1333 tam
912 1290 985 1333 cum
1008 1267 1165 1354 pecunijs,
1192 1287 1290 1349 quam
1316 1287 1387 1330 cum
1415 1266 1484 1330 sale

353 1379 522 1462 provideat
539 1400 611 1443 cum
627 1377 752 1460 effectu,
768 1375 856 1459 quod
872 1375 998 1459 prefato
1015 1375 1067 1440 111.
1083 1374 1225 1439 Domino
1243 1372 1400 1438 satisfiat.

462 1485 505 1550 El
522 1485 666 1567 castello,
694 1486 753 1550 ohe
780 1483 858 1549 tulsi
883 1484 927 1548 ali
944 1483 1107 1568 Hungari,
1136 1480 1306 1547 chiamadc
1329 1481 1486 1562 Zazviua,

353 1596 476 1660 166666
492 1598 580 1658 certe
596 1593 681 1674 ville,
696 1593 727 1656 le
755 1590 833 1673 qual
849 1591 873 1657 J
875 1591 969 1655 uanis
984 1589 1058 1654 Ban
1075 1595 1108 1654 et
1125 1588 1226 1653 Petar
1241 1588 1316 1653 Ban
1331 1587 1405 1653 deti
1437 1589 1482 1653 ali

354 1699 512 1779 Polizani,
546 1720 563 1763 e
588 1700 646 1764 che
671 1699 695 1764 li
721 1720 813 1765 serva
838 1719 858 1763 a
883 1697 944 1763 diti
960 1697 1081 1764 Juanis
1108 1702 1141 1761 et
1170 1696 1273 1762 Petar'
1296 1697 1381 1776 Bau,
1398 1699 1484 1762 06661

354 1807 455 1872 etiam
470 1805 523 1872 lll.
540 1807 571 1873 S.
596 1807 608 1870 i
632 1806 791 1890 sopraditi
807 1805 960 1888 Polizani,
982 1805 1112 1887 quando
1138 1804 1213 1870 havi
1238 1825 1333 1888 preso
1360 1805 1391 1868 61
1416 1806 1484 1870 dito

355 1915 492 1981 castello
508 1915 813 1996 voluntariamente,
830 1914 911 1979 volsi
928 1914 1041 1996 vegnir
1067 1913 1109 1978 da
1125 1914 1178 1994 mi,
1203 1937 1220 1978 e
1237 1935 1271 1978 se
1297 1935 1347 1978 me
1373 1936 1484 1998 prega

357 2024 417 2090 che
441 2024 466 2088 11
490 2023 561 2089 desi
580 2024 621 2088 'le
641 2020 804 2088 sovradite
821 2022 914 2101 ville,
942 2021 1145 2087 offerandcse
1161 2020 1200 2086 de
1217 2023 1370 2086 servirme
1386 2028 1419 2086 61
1434 2022 1485 2089 166

356 2137 427 2196 1610
453 2130 573 2213 quello,
599 2130 657 2194 che
681 2130 789 2194 hanno
816 2127 904 2194 lacto
921 2150 941 2192 a
956 2129 1097 2196 Jouanis
1123 2133 1157 2194 et
1178 2129 1279 2194 Petar
1296 2130 1378 2211 Bau,
1405 2154 1422 2196 e
1456 2131 1485 2196 16

358 2239 447 2304 dicte
472 2239 548 2304 ville
565 2240 597 2303 10
615 2238 648 2302 di
667 2259 741 2304 cum
758 2239 868 2319 quella
883 2235 1058 2322 condition,
1084 2238 1200 2303 adesso
1216 2238 1265 2302 lor
1281 2261 1346 2302 non
1363 2261 1414 2303 me
1431 2238 1487 2323 601
1531 2239 1536 2246 “

358 2346 462 2412 servir
496 2352 529 2412 et
552 2345 737 2427 mantegnir
762 2345 774 2409 i
801 2345 889 2427 pacti
914 2344 986 2424 mie,
1002 2350 1035 2409 et
1060 2349 1222 2428 pertento,
1240 2344 1271 2409 io
1290 2345 1431 2410 termino
1456 2347 1486 2411 16

358 2455 421 2518 mie
446 2453 530 2534 ville,
552 2457 585 2516 61
609 2452 685 2518 miei
701 2453 825 2518 terreni
840 2457 925 2533 tuor,
942 2457 975 2516 et
991 2451 1078 2516 darli
1095 2474 1115 2517 a
1129 2473 1276 2535 persone,
1293 2450 1352 2518 016
1367 2453 1441 2518 1666
1457 2455 1488 2518 61

358 2581 416 2623 660
443 2560 551 2640 dover,
578 2561 720 2643 segondo
745 2581 870 2625 uxanza
896 2558 948 2622 del
973 2580 1086 2641 paexe.
1115 2555 1251 2624 Ancora
1270 2561 1417 2644 supplico
1434 2561 1489 2626 ala

356 2664 398 2732 V.
410 2664 442 2731 S.
453 2665 512 2730 che
521 2665 546 2729 li
558 2671 599 2732 60
609 2665 740 2747 Ducati,
761 2666 820 2732 016
831 2667 914 2732 debo
924 2667 1024 2733 haver
1036 2688 1094 2750 per
1106 2665 1216 2733 afficto
1229 2669 1269 2732 de
1279 2669 1389 2734 lamia
1399 2692 1489 2750 cara,

357 2795 459 2858 prego
474 2773 508 2840 la
523 2773 564 2842 V.
582 2771 746 2858 Signoria,
772 2773 831 2840 016
848 2775 897 2839 616
913 2773 992 2840 dadi
1009 2798 1029 2840 a
1046 2777 1154 2857 questi
1172 2777 1235 2842 mei
1251 2773 1488 2844 Ambassador.

466 2882 522 2946 Ad
537 2889 666 2966 partem
691 2883 841 2948 villarum
858 2879 969 2948 Castri
985 2883 1138 2962 Zazvine,
1155 2907 1239 2968 quas
1265 2908 1285 2950 a
1301 2885 1488 2952 Polizenses

358 2989 518 3056 rehabere
544 2992 628 3056 66116
654 2991 792 3081 videtur,
812 2991 1063 3073 respondemus:
1096 2993 1183 3074 quod
1208 2993 1248 3058 de
1273 3015 1309 3058 re
1334 2995 1399 3059 ista
1424 3017 1489 3059 nou

359 3096 514 3163 habemus
539 3097 640 3162 aliam
665 3097 937 3180 informationem,
954 3098 1012 3162 sed
1035 3099 1184 3165 dabimus
1211 3122 1345 3183 operam
1369 3102 1490 3166 intelli-

358 3201 456 3285 gendi
472 3205 643 3270 materiam
659 3206 764 3284 istam,
783 3205 890 3288 sitque
907 3211 998 3271 certa
1010 3207 1216 3273 Excellentia
1226 3207 1302 3288 Sua,
1320 3209 1407 3291 quod
1423 3231 1490 3274 non

358 3310 513 3376 vellemus
529 3333 671 3395 unquam
686 3311 750 3376 nisi
766 3332 813 3394 ea,
830 3333 892 3395 que
902 3313 1032 3396 justicie
1044 3319 1077 3380 61
1088 3316 1227 3398 equitati
1238 3319 1441 3398 conveniant,
1458 3323 1490 3382 61

358 3419 476 3498 16116,
503 3439 567 3501 que
591 3418 727 3484 honeste
753 3419 939 3502 poterimus,
965 3441 1093 3504 semper
1119 3423 1310 3489 conabimur
1327 3423 1393 3490 Sue
1409 3426 1490 3490 Exc.

325 3554 329 3560 ’
359 3526 569 3608 complacere.
591 3527 637 3590 Et
653 3548 692 3592 ex
708 3549 792 3592 nunc
808 3533 941 3610 captum
958 3529 1010 3611 sit,
1026 3530 1113 3612 quod
1130 3530 1170 3596 de
1195 3553 1231 3595 re
1248 3532 1312 3597 ista
1327 3532 1491 3597 scribatur

358 3633 495 3700 Rectori
511 3641 625 3700 nostro
643 3633 777 3717 Spaleti,
794 3641 832 3700 61
847 3637 942 3701 66116
962 3657 1071 3702 veram
1088 3645 1120 3703 et
1140 3638 1375 3722 particularem
1391 3639 1490 3704 infor-

359 3741 535 3808 mationem
551 3741 669 3808 dcbeat
685 3743 773 3808 circa
790 3742 853 3808 hoc
869 3741 958 3809 dare.

465 3847 601 3916 Ancora
617 3850 763 3934 supplico
781 3873 801 3916 a
818 3850 848 3916 le
864 3851 907 3920 V.
925 3852 957 3920 S.
974 3874 1047 3918 cum
1064 3855 1115 3935 611,
1132 3855 1273 3921 016666
1293 3856 1384 3920 60116
1402 3855 1442 3924 V.
1459 3855 1491 3922 S.

359 3981 410 4024 me
431 3957 533 4024 habia
547 3957 637 4026 16610
653 3957 771 4041 gratia,
788 3957 960 4042 01666666
977 3965 1049 4026 trar
1067 3961 1097 4026 61
1120 3967 1226 4027 vostre
1239 3965 1290 4028 sal
1303 3963 1342 4028 de'
1353 3964 1442 4047 luogi
1459 3971 1493 4028 61

357 4069 423 4134 0116
450 4067 490 4134 de
516 4072 633 4148 vestre,
658 4067 811 4151 pagando
837 4068 867 4132 el
893 4067 951 4148 sal,
979 4073 1012 4133 et
1036 4071 1060 4134 li
1086 4071 1187 4136 vestri
1213 4070 1319 4156 Datij,
1343 4073 1491 4156 segondo

357 4197 462 4260 appar
480 4197 539 4261 per
563 4197 628 4241 uno
653 4175 836 4259 privilegia
861 4176 891 4240 el
917 4175 994 4256 qual
1018 4176 1099 4241 have
1119 4177 1161 4242 da
1179 4177 1212 4242 la
1228 4177 1269 4246 V.
1286 4177 1319 4244 S.
1336 4180 1417 4244 6110
1433 4180 1491 4263 616

357 4287 443 4349 16610
466 4304 546 4348 vora
572 4284 633 4349 dar
662 4283 774 4348 6111116
793 4281 845 4346 616
861 4282 903 4350 V.
920 4281 1006 4364 (lita,
1032 4285 1176 4351 016616
1193 4286 1277 4351 altre
1294 4286 1369 4368 cita,
1401 4287 1492 4352 siche

358 4412 461 4474 prego
477 4391 518 4460 V.
537 4389 569 4457 S.
586 4390 649 4454 016
660 4409 712 4454 me
728 4387 880 4454 61616016
897 4388 1089 4454 6661111666
1114 4399 1255 4476 patente,
1272 4413 1412 4458 660666
1434 4393 1492 4460 ha·

358 4497 413 4565 bia
429 4498 559 4584 impagc
575 4518 615 4561 66
631 4497 782 4564 molestia
798 4496 840 4564 da
857 4495 977 4583 alguno
994 4503 1101 4565 vestro
1118 4500 1256 4569 subdito.
