3268 5308
717 409 720 416 ·
753 369 1167 428 111111111111111111111111.
1242 374 1252 382 ·

926 713 999 771 loe.

399 874 492 934 1462.
519 869 549 934 A
578 871 729 935 velenozci
754 872 973 934 dilaniandas
1007 869 1158 933 Tkonrusi
1184 869 1279 932 Pc'ter
1304 869 1407 932 kduele
1437 866 1510 930 u'ltol

397 979 524 1042 r'tdvdzli
541 979 672 1060 Meque
688 979 811 1062 ln'rcilpt
828 1003 848 1040 c
866 978 957 1042 thrh'lc
973 979 1066 1040 elleni
1082 977 1312 1054 tdmoddsdcn,
1323 977 1355 1038 eis
1372 998 1410 1036 uz
1427 977 1511 1058 ajdu-

556 1088 613 1150 lott
625 1087 815 1170 penzseqe'ly
831 1086 1026 1149 l‘e'llde'stnel:
1053 1084 1248 1148 mo'dozarait
1265 1083 1360 1147 hezli.

394 1279 665 1348 MOOOOLXH.
682 1280 734 1345 die
752 1277 889 1345 XVIII.
907 1278 999 1362 Julij.

502 1386 746 1471 Circumspecto
764 1389 846 1457 Viro
867 1388 968 1452 Petro
987 1387 1173 1467 Thomasiq
1200 1387 1383 1453 Secretario
1409 1395 1514 1452 nostro

393 1498 427 1560 in
443 1497 626 1579 Huugaria.

395 1604 565 1686 Salientes
583 1603 719 1687 C(insilii
771 1605 774 1709 l
868 1624 984 1691 Petre!
1013 1623 1138 1688 Ternas
1163 1625 1291 1688 litteras
1318 1619 1403 1685 Sues
1430 1642 1514 1685 acce·

393 1717 615 1810 ,ζῶ-ἴ
633 1711 654 1774 f
738 1712 773 1808 ‘l
823 1731 927 1812 pimus
945 1729 1041 1794 datas
1062 1729 1257 1794 XXVIIII.
1283 1727 1387 1810 Junij,
1414 1729 1513 1810 primo

393 1843 426 1899 et
450 1838 550 1900 tercio
576 1839 744 1919 presentis,
771 1837 889 1918 quibus
914 1838 1133 1902 intelleximus
1160 1859 1241 1902 nora
1277 1837 1459 1918 Hungarie,
1484 1842 1514 1899 et

392 1942 520 2026 reliqua
537 1946 731 2022 occurentia,
751 1946 878 2026 etquid
895 1946 1063 2028 presertim
1082 1943 1272 2034 dixerittibi
1284 1943 1513 2009 Serenissimus

391 2050 464 2114 Rex
481 2052 568 2115 circa
584 2049 711 2115 favores
738 2053 798 2116 sibi
825 2052 1020 2134 prestandos
1047 2059 1161 2117 contra
1188 2053 1339 2130 Turcum
1366 2052 1422 2133 qui
1446 2071 1513 2132 pro-

394 2159 516 2224 vincias
533 2160 609 2225 illas
625 2157 781 2226 Valaehie
799 2161 984 2225 subvertere
1005 2167 1151 2240 conatur,
1177 2168 1213 2224 ut
1229 2161 1343 2224 exinde
1370 2159 1413 2223 ad
1439 2158 1513 2223 ulte·

391 2270 479 2333 riora
512 2267 682 2351 procedat;
709 2269 925 2333 intelleximus
951 2292 1078 2352 quoque
1103 2270 1278 2334 ferventem
1316 2269 1460 2332 animum
1484 2271 1512 2329 et

391 2377 547 2458 optimam
573 2377 820 2459 dispositionem
845 2377 946 2458 Regio
973 2377 1158 2460 Majestatis
1176 2376 1249 2456 Sue,
1265 2377 1307 2440 ad
1334 2375 1511 2440 excundum

390 2481 422 2542 in
440 2487 558 2561 castra,
585 2483 896 2565 coadunandumque
913 2485 1097 2563 exercitum,
1124 2491 1160 2548 ut
1185 2482 1332 2547 hostibus
1358 2484 1508 2547 resistere

390 2587 500 2668 possit.
518 2587 632 2669 Nobis,
647 2597 684 2652 ut
696 2611 772 2671 sepe
783 2589 928 2671 diximus,
945 2593 1050 2673 magis
1062 2591 1199 2654 molesta
1211 2611 1279 2655 esse
1292 2609 1353 2653 non
1371 2595 1512 2672 possent,

390 2715 580 2778 quecunque
598 2696 733 2760 adversa
750 2698 946 2779 contingant,
962 2703 1031 2760 tum
1047 2700 1176 2762 ratione
1203 2697 1409 2762 sincerissimi
1428 2717 1509 2760 amc·
1594 2693 1598 2701 '

389 2803 434 2867 ris
460 2810 493 2866 et
519 2804 670 2867 immense
697 2805 844 2867 caritatis
872 2811 980 2868 nostre
1007 2807 1038 2868 in
1066 2804 1282 2870 Serenitatem
1309 2803 1418 2887 Suam,
1442 2826 1509 2886 reg·

388 2930 530 2993 numque
556 2909 653 2989 istud,
679 2917 748 2974 tum
769 2933 829 2994 pro
855 2913 1023 2977 commodo
1049 2914 1150 2977 totius
1176 2913 1314 2978 nominis
1331 2913 1510 2990 christiani,

387 3040 445 3081 nec
486 3019 591 3100 dignis
623 3003 766 3082 videmus
801 3019 952 3083 laudibus
985 3042 1080 3102 posse
1112 3021 1267 3084 extollere
1299 3019 1508 3100 Majestatem

387 3123 496 3203 Suam,
513 3146 575 3206 que
591 3146 708 3206 magno
725 3133 758 3190 et
776 3127 850 3190 forti
867 3127 973 3190 animo
989 3127 1159 3216 procedat,
1186 3135 1221 3190 ut
1238 3127 1341 3190 crucis
1361 3125 1509 3191 hostibus

387 3253 419 3294 se
435 3239 581 3314 opponat
597 3254 668 3297 cum
691 3232 868 3298 immortali
894 3239 926 3299 et
951 3243 1065 3299 eterna
1089 3235 1177 3299 fama
1203 3233 1414 3300 Celsitudinis
1439 3232 1509 3312 Sue,

388 3337 560 3420 saluteque
587 3345 619 3402 et
635 3343 878 3406 conservatione
894 3344 986 3424 regni
1005 3345 1062 3409 sui.
1088 3342 1158 3407 Nos
1183 3365 1266 3424 vero,
1294 3343 1388 3409 sicuti
1413 3342 1509 3406 etiam

386 3445 461 3528 alijs
478 3445 697 3528 superioribus
714 3451 834 3513 nostris
850 3449 969 3513 litteris
987 3450 1169 3532 intelligere
1189 3451 1336 3532 potuisti,
1362 3451 1396 3513 in
1418 3469 1509 3514 omne
1547 3463 1556 3470 ‘

388 3552 483 3616 decus
517 3559 549 3616 et
574 3556 745 3620 commoda
770 3556 956 3641 Maiestatis
982 3555 1047 3621 Sue
1073 3565 1106 3621 et
1122 3560 1214 3641 regni
1230 3559 1324 3623 istius
1342 3557 1422 3620 nihil
1439 3578 1508 3638 pre-

385 3661 590 3742 termisimus,
616 3684 674 3727 nec
700 3686 739 3728 ex
764 3670 857 3745 parte
880 3670 992 3728 nostra
1009 3667 1248 3746 pretermissuri
1266 3687 1383 3728 sumus.
1419 3663 1508 3728 Misi-

383 3788 452 3832 mus
477 3768 634 3835 haotenus
651 3771 793 3835 Jadram
810 3773 946 3836 ducatos
964 3773 1000 3835 X
1027 3773 1136 3856 millia,
1154 3795 1291 3856 quorum
1318 3771 1391 3838 VII
1416 3770 1507 3835 milla

382 3875 531 3956 pluribus
544 3877 613 3960 jam
631 3878 743 3943 diebus
759 3879 877 3943 habuit
892 3879 1024 3944 nuntius
1041 3879 1166 3971 Regius
1184 3880 1374 3944 deserendos
1386 3879 1507 3964 Majes·

381 3984 443 4047 tati
460 3982 535 4067 Sue,
552 3986 637 4050 sicut
652 3986 770 4050 litteris
787 3986 967 4051 Rectorum
984 3985 1007 4050 J
1010 3988 1088 4064 adro
1105 3987 1183 4052 facti
1201 4010 1310 4054 sumus
1332 3987 1506 4066 certiores3

380 4091 610 4175 reddimurque
644 4094 732 4173 certi,
758 4100 834 4157 ante
861 4095 928 4177 has,
954 4096 1106 4180 pecunias
1132 4097 1219 4179 ipsas
1246 4094 1426 4162 Serenitati
1455 4116 1508 4159 sue

380 4198 480 4263 fuisse
502 4200 640 4282 delatas,
656 4202 809 4284 quodque
826 4204 949 4267 miserit
966 4225 1024 4286 pro
1037 4205 1111 4287 alijs
1122 4203 1180 4267 ΙΙΙ
1189 4204 1332 4268 millibus
1349 4204 1510 4287 accipien-

381 4303 517 4372 discum
535 4311 857 4392 contrasignisadte
875 4313 992 4392 missis,
1013 4311 1100 4377 ultra
1127 4334 1208 4395 quos
1235 4311 1271 4375 X
1297 4313 1385 4377 mille
1412 4313 1508 4376 duca-

380 4418 440 4493 tos
457 4416 643 4481 advisamus
661 4424 700 4499 te,
726 4419 812 4499 quod
829 4427 1075 4501 perseverantes
1100 4421 1133 4483 in
1158 4421 1324 4502 proposito
1351 4425 1383 4484 et
1411 4420 1507 4484 solita

381 4517 549 4586 affectione
575 4529 698 4606 nostra,
725 4526 807 4590 sicut
832 4527 990 4608 proximis
1015 4526 1130 4605 diebus
1155 4527 1216 4592 tibi
1242 4526 1438 4611 scripsimus,
1465 4528 1507 4593 ad
