3256 5304
343 307 407 367 280
696 321 930 367 nrrnonnozmr
948 307 1117 364 annuunt.

342 501 486 544 armasse
512 480 628 559 subito,
657 486 689 544 et
704 502 836 546 armare
849 480 971 563 jugiter
986 477 1107 542 bonum
1124 499 1292 542 numerum
1311 478 1483 559 galearum

343 593 377 652 et
401 587 496 651 etiam
524 590 656 651 navium
682 611 742 670 pro
768 588 926 652 mittendo
953 585 1134 652 subsidium
1152 583 1333 668 Capitaneo
1361 593 1475 650 nostro

342 695 496 778 generali.
520 695 560 760 In
571 693 754 762 Amoream
771 696 907 777 misisse,
924 700 958 761 et
973 695 1013 758 de
1028 694 1172 778 presenti
1187 695 1316 758 mittere
1333 693 1479 758 validum

344 808 377 868 et
401 804 519 868 honum
546 825 717 869 numerum
742 804 910 888 copiarum
935 808 1003 866 tam
1028 801 1228 884 equestrium
1249 822 1348 882 quam
1365 800 1478 884 pedes-

343 912 453 992 trium,
470 911 686 976 munitionum
703 915 736 976 et
752 911 892 976 aliarum
907 909 1194 975 innumerabilium
1209 931 1317 972 rerum
1327 909 1481 991 ingentes

344 1015 451 1082 faeere
468 1023 500 1081 et
518 1019 650 1082 mittere
667 1021 850 1101 apparatus,
876 1020 1029 1099 viresque
1045 1017 1170 1082 viribus
1187 1017 1308 1082 addere
1324 1017 1478 1080 continue

344 1144 408 1186 non
425 1123 622 1205 desistimus
639 1129 676 1188 ut
692 1145 751 1206 pro
768 1129 882 1188 nostra
897 1123 985 1187 virili
998 1123 1126 1187 hostem
1144 1123 1313 1188 nonsolum
1325 1124 1485 1206 reprima-

346 1252 427 1308 mus,
453 1231 633 1296 sedetiam
660 1231 891 1314 opprimamus.
923 1233 970 1296 Et
995 1232 1077 1296 nulli
1103 1231 1236 1296 dubium
1261 1237 1318 1315 est,
1346 1233 1482 1314 quodsi

345 1336 504 1418 Majestas
530 1338 601 1420 ipsa
618 1338 657 1401 de
673 1339 818 1421 presenti
835 1339 1000 1404 incastris
1017 1361 1051 1403 se
1066 1339 1234 1422 reperiret,
1260 1361 1298 1422 pr
1305 1339 1483 1423 egredere-

346 1450 465 1526 turque
481 1445 515 1508 in
536 1445 675 1510 ditiones
692 1445 805 1526 hostis,
823 1445 999 1510 maximum
1015 1444 1157 1510 fructum
1174 1451 1206 1510 et
1220 1445 1362 1528 gloriam
1378 1469 1483 1530 parva

345 1552 539 1619 difficultate
556 1560 588 1618 et
604 1555 672 1619 sine
690 1555 835 1636 periculo
851 1555 1015 1638 Majestas
1031 1555 1102 1638 ipsa
1119 1560 1394 1638 consequeretur3
1410 1577 1484 1618 oum

347 1662 434 1726 omni
458 1661 576 1743 studio,
601 1663 772 1746 vigilantia
798 1669 831 1727 et
853 1663 1044 1727 assiduitate
1062 1662 1197 1728 suadere
1214 1668 1247 1730 et
1263 1662 1417 1728 iuducere
1434 1664 1482 1726 ni-

345 1769 470 1852 tamiuj,
495 1775 532 1834 ut
558 1771 645 1834 omni
658 1770 727 1854 jam
743 1771 874 1836 sublata
891 1770 1060 1835 dilationis
1077 1792 1185 1852 eausa,
1213 1771 1329 1836 ceteris
1345 1771 1481 1855 postha-

348 1877 425 1942 bitis
435 1877 521 1940 ouris
539 1877 627 1941 exire
642 1876 907 1943 festinantissime
923 1878 1009 1959 velit,
1027 1879 1108 1942 etin
1124 1879 1215 1943 illum
1230 1879 1336 1944 loeum
1352 1877 1485 1944 hostem

347 1984 514 2064 invadere,
540 1985 596 2067 qui
613 1985 655 2050 ad
670 1987 874 2069 propositum
890 2007 1000 2050 rerum
1016 1985 1233 2069 gerendarum
1248 1988 1354 2071 magis
1371 2009 1493 2053 eonve-

348 2094 428 2158 niat.
461 2091 575 2157 Nostis
600 2114 660 2174 pro
677 2099 787 2157 vestra
802 2093 989 2176 prudentia,
1015 2098 1173 2175 quantum
1190 2095 1354 2179 importet,
1382 2117 1485 2178 quan·

348 2208 484 2285 tumque
518 2220 627 2264 rerum
654 2199 857 2293 conditiones
882 2204 1067 2284 exposcant,
1102 2206 1139 2266 ut
1163 2201 1219 2265 ille
1245 2199 1485 2269 Serenissimus

347 2290 421 2374 Rex
436 2308 536 2374 faeiat
553 2329 587 2374 se
604 2308 735 2390 sentire,
751 2313 788 2372 ut
800 2307 902 2372 hostis
912 2309 1007 2387 vires,
1023 2308 1223 2392 consiliaque
1234 2309 1484 2392 distrahantur,

349 2424 524 2502 propterea
548 2417 592 2482 ad
618 2421 804 2482 consuetam
826 2417 1029 2500 diligentiam
1046 2422 1079 2482 et
1096 2417 1240 2482 studium
1256 2423 1402 2484 vestrum
1418 2442 1485 2485 om-

348 2546 420 2589 nem
437 2525 567 2589 addatis
584 2525 755 2605 oumulum,
772 2529 805 2589 et
821 2523 901 2588 nihil
918 2524 996 2607 quid
1012 2544 1071 2607 per
1089 2545 1145 2589 vos
1162 2527 1393 2608 quoquomodo
1411 2528 1484 2610 diei,

347 2631 419 2695 fieri
445 2637 477 2695 et
502 2633 625 2696 tentari
640 2633 752 2716 possit,
777 2633 1008 2715 pretermittite
1024 2654 1084 2716 pro
1101 2633 1278 2716 optinenda
1295 2633 1485 2719 hujusmodi

348 2739 528 2804 intentione
554 2746 675 2806 nostra.
708 2741 754 2805 nt
780 2742 820 2806 de
846 2741 898 2806 die
924 2742 957 2806 in
983 2742 1068 2806 diem
1085 2763 1143 2806 nos
1160 2742 1199 2808 de
1217 2743 1367 2890 omnipus
1383 2743 1485 2809 facite

349 2850 514 2912 certiores.

457 2957 621 3022 Mittimus
652 2958 785 3042 insuper
809 2958 902 3022 vohis
930 2959 1040 3041 copias
1065 2959 1237 3023 literarum
1262 2963 1296 3021 et
1321 2980 1484 3025 novorum
1539 3007 1543 3012 -
1624 2969 1626 2978 ’

349 3063 537 3129 habitorum
563 3088 602 3129 ex
620 3065 771 3149 Oorphoo
799 3072 887 3131 etex
903 3069 1084 3149 Neopaeto,
1108 3073 1145 3130 ut
1161 3065 1279 3146 omnia,
1305 3087 1368 3146 que
1385 3068 1487 3132 unde-

350 3192 475 3252 eunque
500 3171 666 3255 habemuS,
692 3175 930 3257 qualiacunque
948 3174 1021 3255 sint,
1047 3173 1250 3258 intelligatis,
1276 3179 1309 3238 et
1327 3196 1401 3238 oum
1417 3175 1483 3240 isto

352 3277 567 3344 Serenissimo
584 3279 725 3344 Domino
742 3281 836 3363 Rege
853 3282 1070 3346 comunioetis.

458 3387 936 3472 qras-o-o.

455 3552 614 3611 (Velenezei
627 3552 809 3614 allamkonyv
826 3558 869 3602 20.
883 3554 915 3613 l.)
