<?xml version="1.0" encoding="UTF-8"?>
<!DOCTYPE html PUBLIC "-//W3C//DTD XHTML 1.0 Transitional//EN"
    "http://www.w3.org/TR/xhtml1/DTD/xhtml1-transitional.dtd">
<html xmlns="http://www.w3.org/1999/xhtml" xml:lang="en" lang="en">
 <head>
  <title>
</title>
<meta http-equiv="Content-Type" content="text/html;charset=utf-8" />
  <meta name='ocr-system' content='tesseract 3.04.00' />
  <meta name='ocr-capabilities' content='ocr_page ocr_carea ocr_par ocr_line ocrx_word'/>
</head>
<body>
  <div class='ocr_page' id='page_1' title='image "./magyardiplomacz01mattgoog_0338.png"; bbox 0 0 3314 5300; ppageno 0'>
   <div class='ocr_carea' id='block_1_1' title="bbox 389 367 1157 438">
    <p class='ocr_par' dir='ltr' id='par_1_1' title="bbox 389 367 1157 438">
     <span class='ocr_line' id='line_1_1' title="bbox 389 367 1157 438; baseline 0 -2"><span class='ocrx_word' id='word_1_1' title='bbox 389 375 451 438; x_wconf 78' lang='lat'>308</span> <span class='ocrx_word' id='word_1_2' title='bbox 740 367 971 436; x_wconf 69' lang='lat' dir='ltr'>olomundum</span> <span class='ocrx_word' id='word_1_3' title='bbox 990 376 1157 438; x_wconf 62' lang='lat' dir='ltr'>insistunt.</span> 
     </span>
    </p>
   </div>
   <div class='ocr_carea' id='block_1_2' title="bbox 385 549 1519 3322">
    <p class='ocr_par' dir='ltr' id='par_1_2' title="bbox 385 549 1519 3322">
     <span class='ocr_line' id='line_1_2' title="bbox 387 549 1517 637; baseline -0.004 -18"><span class='ocrx_word' id='word_1_4' title='bbox 387 559 500 619; x_wconf 88' lang='lat' dir='ltr'>nostro</span> <span class='ocrx_word' id='word_1_5' title='bbox 519 553 663 619; x_wconf 83' lang='lat' dir='ltr'>Consilio</span> <span class='ocrx_word' id='word_1_6' title='bbox 680 553 895 636; x_wconf 76' lang='lat' dir='ltr'>Rogatorum,</span> <span class='ocrx_word' id='word_1_7' title='bbox 921 553 1008 637; x_wconf 91' lang='lat' dir='ltr'>quod</span> <span class='ocrx_word' id='word_1_8' title='bbox 1026 553 1154 618; x_wconf 82' lang='lat' dir='ltr'>adeatis</span> <span class='ocrx_word' id='word_1_9' title='bbox 1170 554 1371 636; x_wconf 81' lang='lat' dir='ltr'>presentiam</span> <span class='ocrx_word' id='word_1_10' title='bbox 1387 549 1517 616; x_wconf 87' lang='lat' dir='ltr'>Sereni-</span> 
     </span>
     <span class='ocr_line' id='line_1_3' title="bbox 386 659 1517 746; baseline -0.004 -20"><span class='ocrx_word' id='word_1_11' title='bbox 386 666 450 728; x_wconf 88' lang='lat' dir='ltr'>tati</span> <span class='ocrx_word' id='word_1_12' title='bbox 461 662 534 744; x_wconf 83' lang='lat' dir='ltr'>Sue,</span> <span class='ocrx_word' id='word_1_13' title='bbox 550 662 684 728; x_wconf 89' lang='lat' dir='ltr'>dicendo</span> <span class='ocrx_word' id='word_1_14' title='bbox 702 663 773 742; x_wconf 91' lang='lat' dir='ltr'>sibi,</span> <span class='ocrx_word' id='word_1_15' title='bbox 789 663 876 746; x_wconf 91' lang='lat' dir='ltr'>quod</span> <span class='ocrx_word' id='word_1_16' title='bbox 891 685 949 745; x_wconf 91' lang='lat' dir='ltr'>per</span> <span class='ocrx_word' id='word_1_17' title='bbox 965 663 1053 728; x_wconf 87' lang='lat' dir='ltr'>viam</span> <span class='ocrx_word' id='word_1_18' title='bbox 1063 659 1217 743; x_wconf 73' lang='lat' dir='ltr'>Orientis</span> <span class='ocrx_word' id='word_1_19' title='bbox 1234 661 1406 727; x_wconf 91' lang='lat' dir='ltr'>novissime</span> <span class='ocrx_word' id='word_1_20' title='bbox 1416 661 1517 725; x_wconf 89' lang='lat' dir='ltr'>etiam</span> 
     </span>
     <span class='ocr_line' id='line_1_4' title="bbox 388 763 1518 854; baseline -0.002 -21"><span class='ocrx_word' id='word_1_21' title='bbox 388 772 521 836; x_wconf 88' lang='lat' dir='ltr'>diversis</span> <span class='ocrx_word' id='word_1_22' title='bbox 549 771 653 835; x_wconf 88' lang='lat' dir='ltr'>modis</span> <span class='ocrx_word' id='word_1_23' title='bbox 674 771 826 854; x_wconf 81' lang='lat' dir='ltr'>requisiti</span> <span class='ocrx_word' id='word_1_24' title='bbox 844 793 953 836; x_wconf 90' lang='lat' dir='ltr'>sumus</span> <span class='ocrx_word' id='word_1_25' title='bbox 970 771 1009 837; x_wconf 92' lang='lat' dir='ltr'>de</span> <span class='ocrx_word' id='word_1_26' title='bbox 1027 772 1088 836; x_wconf 89' lang='lat' dir='ltr'>hac</span> <span class='ocrx_word' id='word_1_27' title='bbox 1104 793 1191 854; x_wconf 90' lang='lat' dir='ltr'>pace,</span> <span class='ocrx_word' id='word_1_28' title='bbox 1219 777 1250 836; x_wconf 89' lang='lat' dir='ltr'>et</span> <span class='ocrx_word' id='word_1_29' title='bbox 1265 763 1439 854; x_wconf 83' lang='lat' dir='ltr'>presertim</span> <span class='ocrx_word' id='word_1_30' title='bbox 1455 789 1518 851; x_wconf 87' lang='lat' dir='ltr'>per</span> 
     </span>
     <span class='ocr_line' id='line_1_5' title="bbox 388 877 1517 963; baseline -0.003 -20"><span class='ocrx_word' id='word_1_31' title='bbox 388 880 530 944; x_wconf 90' lang='lat' dir='ltr'>medium</span> <span class='ocrx_word' id='word_1_32' title='bbox 541 878 709 961; x_wconf 83' lang='lat' dir='ltr'>Magnifici</span> <span class='ocrx_word' id='word_1_33' title='bbox 721 879 855 944; x_wconf 88' lang='lat' dir='ltr'>Domini</span> <span class='ocrx_word' id='word_1_34' title='bbox 866 879 1033 945; x_wconf 84' lang='lat' dir='ltr'>Leonardi</span> <span class='ocrx_word' id='word_1_35' title='bbox 1043 879 1182 963; x_wconf 89' lang='lat' dir='ltr'>Despoti</span> <span class='ocrx_word' id='word_1_36' title='bbox 1200 880 1240 944; x_wconf 92' lang='lat' dir='ltr'>de</span> <span class='ocrx_word' id='word_1_37' title='bbox 1252 878 1374 945; x_wconf 89' lang='lat' dir='ltr'>Sancta</span> <span class='ocrx_word' id='word_1_38' title='bbox 1383 877 1517 942; x_wconf 89' lang='lat' dir='ltr'>Maura.</span> 
     </span>
     <span class='ocr_line' id='line_1_6' title="bbox 387 985 1519 1070; baseline -0.004 -18"><span class='ocrx_word' id='word_1_39' title='bbox 387 989 430 1052; x_wconf 77' lang='lat' dir='ltr'>m</span> <span class='ocrx_word' id='word_1_40' title='bbox 447 1009 656 1070; x_wconf 89' lang='lat' dir='ltr'>quamquam,</span> <span class='ocrx_word' id='word_1_41' title='bbox 671 994 709 1052; x_wconf 93' lang='lat' dir='ltr'>ut</span> <span class='ocrx_word' id='word_1_42' title='bbox 726 987 873 1067; x_wconf 72' lang='lat' dir='ltr'>diximus</span> <span class='ocrx_word' id='word_1_43' title='bbox 899 987 1115 1052; x_wconf 91' lang='lat' dir='ltr'>dubitandum</span> <span class='ocrx_word' id='word_1_44' title='bbox 1132 989 1185 1070; x_wconf 85' lang='lat' dir='ltr'>sit,</span> <span class='ocrx_word' id='word_1_45' title='bbox 1210 988 1249 1052; x_wconf 91' lang='lat' dir='ltr'>de</span> <span class='ocrx_word' id='word_1_46' title='bbox 1267 988 1393 1053; x_wconf 88' lang='lat' dir='ltr'>artibus</span> <span class='ocrx_word' id='word_1_47' title='bbox 1410 985 1519 1049; x_wconf 88' lang='lat' dir='ltr'>hostis</span> 
     </span>
     <span class='ocr_line' id='line_1_7' title="bbox 386 1092 1518 1180; baseline -0.004 -22"><span class='ocrx_word' id='word_1_48' title='bbox 386 1096 501 1177; x_wconf 74' lang='lat' dir='ltr'>istius,</span> <span class='ocrx_word' id='word_1_49' title='bbox 525 1095 729 1163; x_wconf 89' lang='lat' dir='ltr'>considerato</span> <span class='ocrx_word' id='word_1_50' title='bbox 745 1101 865 1176; x_wconf 90' lang='lat' dir='ltr'>tamen,</span> <span class='ocrx_word' id='word_1_51' title='bbox 891 1095 979 1178; x_wconf 91' lang='lat' dir='ltr'>quod</span> <span class='ocrx_word' id='word_1_52' title='bbox 995 1101 1044 1160; x_wconf 91' lang='lat' dir='ltr'>tot</span> <span class='ocrx_word' id='word_1_53' title='bbox 1060 1096 1174 1175; x_wconf 76' lang='lat' dir='ltr'>modia,</span> <span class='ocrx_word' id='word_1_54' title='bbox 1201 1102 1233 1160; x_wconf 90' lang='lat' dir='ltr'>et</span> <span class='ocrx_word' id='word_1_55' title='bbox 1250 1095 1373 1180; x_wconf 85' lang='lat' dir='ltr'>medijs,</span> <span class='ocrx_word' id='word_1_56' title='bbox 1400 1115 1457 1158; x_wconf 92' lang='lat' dir='ltr'>nos</span> <span class='ocrx_word' id='word_1_57' title='bbox 1476 1092 1518 1154; x_wconf 85' lang='lat' dir='ltr'>de</span> 
     </span>
     <span class='ocr_line' id='line_1_8' title="bbox 388 1202 1519 1287; baseline -0.003 -21"><span class='ocrx_word' id='word_1_58' title='bbox 388 1225 422 1266; x_wconf 89' lang='lat' dir='ltr'>re</span> <span class='ocrx_word' id='word_1_59' title='bbox 438 1205 502 1269; x_wconf 89' lang='lat' dir='ltr'>ista</span> <span class='ocrx_word' id='word_1_60' title='bbox 516 1207 638 1270; x_wconf 87' lang='lat' dir='ltr'>tentari</span> <span class='ocrx_word' id='word_1_61' title='bbox 654 1204 744 1270; x_wconf 86' lang='lat' dir='ltr'>fecit:</span> <span class='ocrx_word' id='word_1_62' title='bbox 771 1203 909 1268; x_wconf 85' lang='lat' dir='ltr'>forsitan</span> <span class='ocrx_word' id='word_1_63' title='bbox 926 1225 995 1268; x_wconf 87' lang='lat' dir='ltr'>csse</span> <span class='ocrx_word' id='word_1_64' title='bbox 1011 1210 1128 1287; x_wconf 91' lang='lat' dir='ltr'>potest,</span> <span class='ocrx_word' id='word_1_65' title='bbox 1145 1204 1232 1287; x_wconf 93' lang='lat' dir='ltr'>quod</span> <span class='ocrx_word' id='word_1_66' title='bbox 1249 1226 1362 1268; x_wconf 84' lang='lat' dir='ltr'>revera</span> <span class='ocrx_word' id='word_1_67' title='bbox 1380 1202 1519 1284; x_wconf 87' lang='lat' dir='ltr'>cupidus</span> 
     </span>
     <span class='ocr_line' id='line_1_9' title="bbox 385 1309 1516 1396; baseline -0.004 -20"><span class='ocrx_word' id='word_1_68' title='bbox 385 1318 445 1390; x_wconf 83' lang='lat' dir='ltr'>est,</span> <span class='ocrx_word' id='word_1_69' title='bbox 472 1313 622 1379; x_wconf 79' lang='lat' dir='ltr'>devenire</span> <span class='ocrx_word' id='word_1_70' title='bbox 641 1314 682 1378; x_wconf 90' lang='lat' dir='ltr'>ad</span> <span class='ocrx_word' id='word_1_71' title='bbox 697 1335 826 1396; x_wconf 73' lang='lat' dir='ltr'>pacem,</span> <span class='ocrx_word' id='word_1_72' title='bbox 851 1312 944 1394; x_wconf 91' lang='lat' dir='ltr'>unde,</span> <span class='ocrx_word' id='word_1_73' title='bbox 971 1319 1007 1377; x_wconf 90' lang='lat' dir='ltr'>ut</span> <span class='ocrx_word' id='word_1_74' title='bbox 1024 1313 1126 1395; x_wconf 80' lang='lat' dir='ltr'>magis</span> <span class='ocrx_word' id='word_1_75' title='bbox 1143 1314 1232 1377; x_wconf 87' lang='lat' dir='ltr'>ultra</span> <span class='ocrx_word' id='word_1_76' title='bbox 1248 1333 1358 1376; x_wconf 88' lang='lat' dir='ltr'>verum</span> <span class='ocrx_word' id='word_1_77' title='bbox 1373 1309 1516 1391; x_wconf 69' lang='lat' dir='ltr'>intelligi</span> 
     </span>
     <span class='ocr_line' id='line_1_10' title="bbox 386 1419 1516 1504; baseline -0.003 -21"><span class='ocrx_word' id='word_1_78' title='bbox 386 1421 497 1503; x_wconf 90' lang='lat' dir='ltr'>possit,</span> <span class='ocrx_word' id='word_1_79' title='bbox 514 1427 547 1484; x_wconf 91' lang='lat' dir='ltr'>et</span> <span class='ocrx_word' id='word_1_80' title='bbox 563 1422 661 1485; x_wconf 89' lang='lat' dir='ltr'>etiam</span> <span class='ocrx_word' id='word_1_81' title='bbox 673 1427 821 1504; x_wconf 89' lang='lat' dir='ltr'>respectu</span> <span class='ocrx_word' id='word_1_82' title='bbox 832 1443 968 1504; x_wconf 86' lang='lat' dir='ltr'>persone</span> <span class='ocrx_word' id='word_1_83' title='bbox 978 1421 1098 1504; x_wconf 86' lang='lat' dir='ltr'>prefati</span> <span class='ocrx_word' id='word_1_84' title='bbox 1109 1421 1244 1485; x_wconf 90' lang='lat' dir='ltr'>Domini</span> <span class='ocrx_word' id='word_1_85' title='bbox 1256 1419 1374 1485; x_wconf 82' lang='lat' dir='ltr'>Sancte</span> <span class='ocrx_word' id='word_1_86' title='bbox 1385 1419 1516 1497; x_wconf 82' lang='lat' dir='ltr'>Maure,</span> 
     </span>
     <span class='ocr_line' id='line_1_11' title="bbox 386 1529 1515 1612; baseline -0.003 -21"><span class='ocrx_word' id='word_1_87' title='bbox 386 1529 463 1593; x_wconf 86' lang='lat' dir='ltr'>licet</span> <span class='ocrx_word' id='word_1_88' title='bbox 479 1529 635 1593; x_wconf 91' lang='lat' dir='ltr'>hactenus</span> <span class='ocrx_word' id='word_1_89' title='bbox 652 1529 750 1594; x_wconf 91' lang='lat' dir='ltr'>alicui</span> <span class='ocrx_word' id='word_1_90' title='bbox 766 1531 972 1612; x_wconf 87' lang='lat' dir='ltr'>requisitioni</span> <span class='ocrx_word' id='word_1_91' title='bbox 990 1529 1082 1596; x_wconf 91' lang='lat' dir='ltr'>nobis</span> <span class='ocrx_word' id='word_1_92' title='bbox 1098 1529 1183 1593; x_wconf 88' lang='lat' dir='ltr'>facte</span> <span class='ocrx_word' id='word_1_93' title='bbox 1201 1529 1397 1593; x_wconf 89' lang='lat' dir='ltr'>voluerimus</span> <span class='ocrx_word' id='word_1_94' title='bbox 1419 1548 1515 1590; x_wconf 86' lang='lat' dir='ltr'>aures</span> 
     </span>
     <span class='ocr_line' id='line_1_12' title="bbox 386 1635 1517 1720; baseline -0.001 -21"><span class='ocrx_word' id='word_1_95' title='bbox 386 1635 605 1715; x_wconf 85' lang='lat' dir='ltr'>accomodare,</span> <span class='ocrx_word' id='word_1_96' title='bbox 634 1638 749 1700; x_wconf 90' lang='lat' dir='ltr'>melius</span> <span class='ocrx_word' id='word_1_97' title='bbox 775 1659 844 1702; x_wconf 91' lang='lat' dir='ltr'>esse</span> <span class='ocrx_word' id='word_1_98' title='bbox 860 1638 1124 1718; x_wconf 82' lang='lat' dir='ltr'>existimavimus,</span> <span class='ocrx_word' id='word_1_99' title='bbox 1154 1637 1349 1720; x_wconf 88' lang='lat' dir='ltr'>respondere</span> <span class='ocrx_word' id='word_1_100' title='bbox 1366 1636 1427 1700; x_wconf 91' lang='lat' dir='ltr'>sibi</span> <span class='ocrx_word' id='word_1_101' title='bbox 1445 1642 1517 1717; x_wconf 86' lang='lat' dir='ltr'>post</span> 
     </span>
     <span class='ocr_line' id='line_1_13' title="bbox 388 1743 1517 1828; baseline 0.002 -24"><span class='ocrx_word' id='word_1_102' title='bbox 388 1743 563 1823; x_wconf 78' lang='lat' dir='ltr'>generalia,</span> <span class='ocrx_word' id='word_1_103' title='bbox 582 1744 669 1826; x_wconf 88' lang='lat' dir='ltr'>quod</span> <span class='ocrx_word' id='word_1_104' title='bbox 685 1747 816 1828; x_wconf 90' lang='lat' dir='ltr'>quando</span> <span class='ocrx_word' id='word_1_105' title='bbox 834 1745 959 1810; x_wconf 85' lang='lat' dir='ltr'>Turcus</span> <span class='ocrx_word' id='word_1_106' title='bbox 974 1745 1058 1810; x_wconf 87' lang='lat' dir='ltr'>tales</span> <span class='ocrx_word' id='word_1_107' title='bbox 1075 1745 1276 1810; x_wconf 86' lang='lat' dir='ltr'>conditiones</span> <span class='ocrx_word' id='word_1_108' title='bbox 1291 1746 1381 1828; x_wconf 90' lang='lat' dir='ltr'>pacis</span> <span class='ocrx_word' id='word_1_109' title='bbox 1393 1743 1517 1822; x_wconf 85' lang='lat' dir='ltr'>offeret,</span> 
     </span>
     <span class='ocr_line' id='line_1_14' title="bbox 388 1852 1519 1936; baseline 0.004 -25"><span class='ocrx_word' id='word_1_110' title='bbox 388 1871 449 1932; x_wconf 86' lang='lat' dir='ltr'>que</span> <span class='ocrx_word' id='word_1_111' title='bbox 477 1873 540 1914; x_wconf 91' lang='lat' dir='ltr'>non</span> <span class='ocrx_word' id='word_1_112' title='bbox 566 1852 669 1917; x_wconf 91' lang='lat' dir='ltr'>solum</span> <span class='ocrx_word' id='word_1_113' title='bbox 696 1874 824 1918; x_wconf 91' lang='lat' dir='ltr'>omnem</span> <span class='ocrx_word' id='word_1_114' title='bbox 841 1854 1048 1934; x_wconf 83' lang='lat' dir='ltr'>occasionem,</span> <span class='ocrx_word' id='word_1_115' title='bbox 1075 1859 1107 1918; x_wconf 91' lang='lat' dir='ltr'>et</span> <span class='ocrx_word' id='word_1_116' title='bbox 1124 1855 1297 1918; x_wconf 84' lang='lat' dir='ltr'>materiam</span> <span class='ocrx_word' id='word_1_117' title='bbox 1313 1853 1519 1936; x_wconf 86' lang='lat' dir='ltr'>injuriarum,</span> 
     </span>
     <span class='ocr_line' id='line_1_15' title="bbox 389 1957 1518 2044; baseline 0.003 -24"><span class='ocrx_word' id='word_1_118' title='bbox 389 1963 422 2022; x_wconf 84' lang='lat' dir='ltr'>et</span> <span class='ocrx_word' id='word_1_119' title='bbox 437 1957 525 2023; x_wconf 90' lang='lat' dir='ltr'>bello</span> <span class='ocrx_word' id='word_1_120' title='bbox 542 1959 668 2042; x_wconf 88' lang='lat' dir='ltr'>tollant,</span> <span class='ocrx_word' id='word_1_121' title='bbox 685 1961 742 2025; x_wconf 88' lang='lat' dir='ltr'>sed</span> <span class='ocrx_word' id='word_1_122' title='bbox 759 1962 857 2026; x_wconf 88' lang='lat' dir='ltr'>etiam</span> <span class='ocrx_word' id='word_1_123' title='bbox 874 1961 1019 2026; x_wconf 85' lang='lat' dir='ltr'>habeant</span> <span class='ocrx_word' id='word_1_124' title='bbox 1035 1962 1195 2027; x_wconf 85' lang='lat' dir='ltr'>rationem</span> <span class='ocrx_word' id='word_1_125' title='bbox 1213 1961 1384 2044; x_wconf 83' lang='lat' dir='ltr'>dignitatis</span> <span class='ocrx_word' id='word_1_126' title='bbox 1401 1967 1434 2025; x_wconf 91' lang='lat' dir='ltr'>et</span> <span class='ocrx_word' id='word_1_127' title='bbox 1451 1960 1518 2041; x_wconf 82' lang='lat' dir='ltr'>lige</span> 
     </span>
     <span class='ocr_line' id='line_1_16' title="bbox 388 2064 1518 2153; baseline 0.003 -26"><span class='ocrx_word' id='word_1_128' title='bbox 388 2065 475 2128; x_wconf 91' lang='lat' dir='ltr'>inter</span> <span class='ocrx_word' id='word_1_129' title='bbox 502 2064 720 2132; x_wconf 87' lang='lat' dir='ltr'>Serenitatem</span> <span class='ocrx_word' id='word_1_130' title='bbox 746 2068 847 2134; x_wconf 89' lang='lat' dir='ltr'>Suam</span> <span class='ocrx_word' id='word_1_131' title='bbox 874 2075 907 2134; x_wconf 93' lang='lat' dir='ltr'>et</span> <span class='ocrx_word' id='word_1_132' title='bbox 932 2091 990 2134; x_wconf 87' lang='lat' dir='ltr'>uos</span> <span class='ocrx_word' id='word_1_133' title='bbox 1015 2070 1165 2153; x_wconf 85' lang='lat' dir='ltr'>vigentis,</span> <span class='ocrx_word' id='word_1_134' title='bbox 1193 2093 1231 2134; x_wconf 91' lang='lat' dir='ltr'>ac</span> <span class='ocrx_word' id='word_1_135' title='bbox 1258 2069 1358 2134; x_wconf 89' lang='lat' dir='ltr'>etiam</span> <span class='ocrx_word' id='word_1_136' title='bbox 1374 2068 1518 2132; x_wconf 89' lang='lat' dir='ltr'>aliorum</span> 
     </span>
     <span class='ocr_line' id='line_1_17' title="bbox 386 2175 1519 2262; baseline 0.002 -25"><span class='ocrx_word' id='word_1_137' title='bbox 386 2175 568 2258; x_wconf 89' lang='lat' dir='ltr'>principum</span> <span class='ocrx_word' id='word_1_138' title='bbox 593 2176 852 2257; x_wconf 88' lang='lat' dir='ltr'>christianorum,</span> <span class='ocrx_word' id='word_1_139' title='bbox 878 2184 954 2243; x_wconf 90' lang='lat' dir='ltr'>tunc</span> <span class='ocrx_word' id='word_1_140' title='bbox 972 2186 1044 2242; x_wconf 89' lang='lat' dir='ltr'>cum</span> <span class='ocrx_word' id='word_1_141' title='bbox 1060 2179 1237 2262; x_wconf 83' lang='lat' dir='ltr'>Majestate</span> <span class='ocrx_word' id='word_1_142' title='bbox 1255 2175 1321 2242; x_wconf 91' lang='lat' dir='ltr'>Sua</span> <span class='ocrx_word' id='word_1_143' title='bbox 1337 2177 1366 2240; x_wconf 92' lang='lat' dir='ltr'>ei</span> <span class='ocrx_word' id='word_1_144' title='bbox 1382 2198 1519 2258; x_wconf 90' lang='lat' dir='ltr'>respon·</span> 
     </span>
     <span class='ocr_line' id='line_1_18' title="bbox 388 2281 1519 2368; baseline 0.003 -23"><span class='ocrx_word' id='word_1_145' title='bbox 388 2281 544 2365; x_wconf 81' lang='lat' dir='ltr'>dabimus,</span> <span class='ocrx_word' id='word_1_146' title='bbox 570 2284 609 2348; x_wconf 93' lang='lat' dir='ltr'>de</span> <span class='ocrx_word' id='word_1_147' title='bbox 636 2307 702 2368; x_wconf 88' lang='lat' dir='ltr'>qna</span> <span class='ocrx_word' id='word_1_148' title='bbox 727 2307 762 2348; x_wconf 90' lang='lat' dir='ltr'>re</span> <span class='ocrx_word' id='word_1_149' title='bbox 780 2307 852 2349; x_wconf 91' lang='lat' dir='ltr'>cum</span> <span class='ocrx_word' id='word_1_150' title='bbox 869 2287 967 2350; x_wconf 91' lang='lat' dir='ltr'>simus</span> <span class='ocrx_word' id='word_1_151' title='bbox 985 2308 1058 2350; x_wconf 89' lang='lat' dir='ltr'>cum</span> <span class='ocrx_word' id='word_1_152' title='bbox 1075 2286 1185 2368; x_wconf 81' lang='lat' dir='ltr'>Regia</span> <span class='ocrx_word' id='word_1_153' title='bbox 1200 2285 1377 2368; x_wconf 89' lang='lat' dir='ltr'>Majestate</span> <span class='ocrx_word' id='word_1_154' title='bbox 1395 2306 1455 2348; x_wconf 90' lang='lat' dir='ltr'>sua</span> <span class='ocrx_word' id='word_1_155' title='bbox 1471 2284 1519 2348; x_wconf 89' lang='lat' dir='ltr'>in·</span> 
     </span>
     <span class='ocr_line' id='line_1_19' title="bbox 389 2390 1519 2474; baseline 0.002 -22"><span class='ocrx_word' id='word_1_156' title='bbox 389 2390 570 2455; x_wconf 86' lang='lat' dir='ltr'>dissolubili</span> <span class='ocrx_word' id='word_1_157' title='bbox 603 2393 770 2471; x_wconf 88' lang='lat' dir='ltr'>charitate,</span> <span class='ocrx_word' id='word_1_158' title='bbox 804 2392 1031 2474; x_wconf 87' lang='lat' dir='ltr'>benivolentia,</span> <span class='ocrx_word' id='word_1_159' title='bbox 1065 2399 1098 2456; x_wconf 89' lang='lat' dir='ltr'>et</span> <span class='ocrx_word' id='word_1_160' title='bbox 1124 2393 1252 2458; x_wconf 86' lang='lat' dir='ltr'>foedere</span> <span class='ocrx_word' id='word_1_161' title='bbox 1279 2391 1453 2474; x_wconf 87' lang='lat' dir='ltr'>conjuncti,</span> <span class='ocrx_word' id='word_1_162' title='bbox 1487 2397 1519 2454; x_wconf 90' lang='lat' dir='ltr'>et</span> 
     </span>
     <span class='ocr_line' id='line_1_20' title="bbox 389 2497 1519 2584; baseline 0 -24"><span class='ocrx_word' id='word_1_163' title='bbox 389 2501 555 2581; x_wconf 88' lang='lat' dir='ltr'>perpetuis</span> <span class='ocrx_word' id='word_1_164' title='bbox 581 2501 782 2584; x_wconf 87' lang='lat' dir='ltr'>temporibus</span> <span class='ocrx_word' id='word_1_165' title='bbox 808 2523 876 2566; x_wconf 90' lang='lat' dir='ltr'>esse</span> <span class='ocrx_word' id='word_1_166' title='bbox 893 2501 1119 2566; x_wconf 86' lang='lat' dir='ltr'>intendamus:</span> <span class='ocrx_word' id='word_1_167' title='bbox 1147 2501 1320 2566; x_wconf 85' lang='lat' dir='ltr'>statuimus</span> <span class='ocrx_word' id='word_1_168' title='bbox 1337 2497 1519 2563; x_wconf 84' lang='lat' dir='ltr'>Serenitati</span> 
     </span>
     <span class='ocr_line' id='line_1_21' title="bbox 389 2603 1517 2692; baseline 0.004 -25"><span class='ocrx_word' id='word_1_169' title='bbox 389 2603 452 2669; x_wconf 88' lang='lat' dir='ltr'>Sue</span> <span class='ocrx_word' id='word_1_170' title='bbox 468 2607 548 2671; x_wconf 88' lang='lat' dir='ltr'>dare</span> <span class='ocrx_word' id='word_1_171' title='bbox 564 2608 726 2688; x_wconf 87' lang='lat' dir='ltr'>noticiam,</span> <span class='ocrx_word' id='word_1_172' title='bbox 753 2616 786 2673; x_wconf 89' lang='lat' dir='ltr'>et</span> <span class='ocrx_word' id='word_1_173' title='bbox 803 2609 830 2673; x_wconf 90' lang='lat' dir='ltr'>si</span> <span class='ocrx_word' id='word_1_174' title='bbox 848 2608 926 2692; x_wconf 88' lang='lat' dir='ltr'>quid</span> <span class='ocrx_word' id='word_1_175' title='bbox 943 2609 1031 2673; x_wconf 86' lang='lat' dir='ltr'>ultra</span> <span class='ocrx_word' id='word_1_176' title='bbox 1047 2609 1079 2672; x_wconf 92' lang='lat' dir='ltr'>in</span> <span class='ocrx_word' id='word_1_177' title='bbox 1098 2607 1244 2672; x_wconf 84' lang='lat' dir='ltr'>futurum</span> <span class='ocrx_word' id='word_1_178' title='bbox 1261 2606 1462 2685; x_wconf 80' lang='lat' dir='ltr'>habebimus,</span> <span class='ocrx_word' id='word_1_179' title='bbox 1482 2605 1517 2671; x_wconf 92' lang='lat' dir='ltr'>id</span> 
     </span>
     <span class='ocr_line' id='line_1_22' title="bbox 388 2713 1518 2800; baseline 0.002 -26"><span class='ocrx_word' id='word_1_180' title='bbox 388 2734 447 2794; x_wconf 89' lang='lat' dir='ltr'>pro</span> <span class='ocrx_word' id='word_1_181' title='bbox 469 2720 622 2778; x_wconf 91' lang='lat' dir='ltr'>consueto</span> <span class='ocrx_word' id='word_1_182' title='bbox 640 2736 729 2780; x_wconf 90' lang='lat' dir='ltr'>more</span> <span class='ocrx_word' id='word_1_183' title='bbox 746 2722 857 2780; x_wconf 90' lang='lat' dir='ltr'>nostro</span> <span class='ocrx_word' id='word_1_184' title='bbox 876 2714 1048 2800; x_wconf 85' lang='lat' dir='ltr'>Majestati</span> <span class='ocrx_word' id='word_1_185' title='bbox 1065 2714 1130 2780; x_wconf 91' lang='lat' dir='ltr'>Sue</span> <span class='ocrx_word' id='word_1_186' title='bbox 1146 2722 1259 2782; x_wconf 90' lang='lat' dir='ltr'>notum</span> <span class='ocrx_word' id='word_1_187' title='bbox 1276 2715 1442 2780; x_wconf 86' lang='lat' dir='ltr'>faciemus.</span> <span class='ocrx_word' id='word_1_188' title='bbox 1466 2713 1518 2777; x_wconf 90' lang='lat' dir='ltr'>De</span> 
     </span>
     <span class='ocr_line' id='line_1_23' title="bbox 388 2821 1517 2905; baseline 0.002 -23"><span class='ocrx_word' id='word_1_189' title='bbox 388 2827 511 2900; x_wconf 89' lang='lat' dir='ltr'>quanto</span> <span class='ocrx_word' id='word_1_190' title='bbox 528 2828 638 2887; x_wconf 90' lang='lat' dir='ltr'>autem</span> <span class='ocrx_word' id='word_1_191' title='bbox 655 2822 816 2888; x_wconf 90' lang='lat' dir='ltr'>habebitis</span> <span class='ocrx_word' id='word_1_192' title='bbox 833 2845 852 2888; x_wconf 93' lang='lat' dir='ltr'>a</span> <span class='ocrx_word' id='word_1_193' title='bbox 869 2821 1051 2889; x_wconf 87' lang='lat' dir='ltr'>Serenitate</span> <span class='ocrx_word' id='word_1_194' title='bbox 1070 2822 1147 2905; x_wconf 93' lang='lat' dir='ltr'>Sua,</span> <span class='ocrx_word' id='word_1_195' title='bbox 1173 2823 1280 2888; x_wconf 88' lang='lat' dir='ltr'>subito</span> <span class='ocrx_word' id='word_1_196' title='bbox 1297 2821 1440 2887; x_wconf 89' lang='lat' dir='ltr'>reddetis</span> <span class='ocrx_word' id='word_1_197' title='bbox 1457 2843 1517 2885; x_wconf 88' lang='lat' dir='ltr'>nos</span> 
     </span>
     <span class='ocr_line' id='line_1_24' title="bbox 387 2929 816 2996; baseline 0.014 -8"><span class='ocrx_word' id='word_1_198' title='bbox 387 2929 502 2992; x_wconf 82' lang='lat' dir='ltr'>restris</span> <span class='ocrx_word' id='word_1_199' title='bbox 520 2929 638 2995; x_wconf 90' lang='lat' dir='ltr'>litteris</span> <span class='ocrx_word' id='word_1_200' title='bbox 655 2932 816 2996; x_wconf 84' lang='lat' dir='ltr'>cert-iores</span> 
     </span>
     <span class='ocr_line' id='line_1_25' title="bbox 603 3039 940 3118; baseline -0.003 -15"><span class='ocrx_word' id='word_1_201' title='bbox 603 3039 646 3118; x_wconf 65' lang='lat' dir='ltr'>-t-</span> <span class='ocrx_word' id='word_1_202' title='bbox 757 3044 796 3103; x_wconf 82' lang='lat'>73</span> <span class='ocrx_word' id='word_1_203' title='bbox 820 3079 863 3087; x_wconf 90' lang='lat'>—</span> <span class='ocrx_word' id='word_1_204' title='bbox 890 3043 940 3104; x_wconf 84' lang='lat'>95.</span> 
     </span>
     <span class='ocr_line' id='line_1_26' title="bbox 496 3144 866 3212; baseline 0.008 -3"><span class='ocrx_word' id='word_1_205' title='bbox 496 3144 547 3209; x_wconf 93' lang='lat' dir='ltr'>De</span> <span class='ocrx_word' id='word_1_206' title='bbox 563 3167 626 3210; x_wconf 91' lang='lat' dir='ltr'>non</span> <span class='ocrx_word' id='word_1_207' title='bbox 758 3152 799 3212; x_wconf 90' lang='grc'>10</span> <span class='ocrx_word' id='word_1_208' title='bbox 823 3185 866 3193; x_wconf 88' lang='grc'><strong>-</strong></span> 
     </span>
     <span class='ocr_line' id='line_1_27' title="bbox 493 3250 939 3322; baseline 0.009 -6"><span class='ocrx_word' id='word_1_209' title='bbox 493 3250 569 3317; x_wconf 90' lang='lat' dir='ltr'>Non</span> <span class='ocrx_word' id='word_1_210' title='bbox 590 3255 706 3319; x_wconf 89' lang='lat' dir='ltr'>sinceri</span> <span class='ocrx_word' id='word_1_211' title='bbox 755 3260 793 3322; x_wconf 77' lang='grc'>1]</span> <span class='ocrx_word' id='word_1_212' title='bbox 820 3291 863 3300; x_wconf 90' lang='grc'>-</span> <span class='ocrx_word' id='word_1_213' title='bbox 889 3257 939 3320; x_wconf 80' lang='lat'>24.</span> 
     </span>
    </p>
   </div>
   <div class='ocr_carea' id='block_1_3' title="bbox 494 3416 947 3483">
    <p class='ocr_par' dir='ltr' id='par_1_3' title="bbox 494 3416 947 3483">
     <span class='ocr_line' id='line_1_28' title="bbox 494 3416 947 3483; baseline 0.007 -18"><span class='ocrx_word' id='word_1_214' title='bbox 494 3416 650 3477; x_wconf 87' lang='lat' dir='ltr'>(Veleuczei</span> <span class='ocrx_word' id='word_1_215' title='bbox 664 3417 846 3483; x_wconf 75' lang='lat' dir='ltr'>allamkbnyv</span> <span class='ocrx_word' id='word_1_216' title='bbox 862 3424 902 3468; x_wconf 79' lang='lat'>62.</span> <span class='ocrx_word' id='word_1_217' title='bbox 917 3421 947 3480; x_wconf 86' lang='lat' dir='ltr'>l.)</span> 
     </span>
    </p>
   </div>
   <div class='ocr_carea' id='block_1_4' title="bbox 873 3563 1031 3571">
    <p class='ocr_par' dir='ltr' id='par_1_4' title="bbox 873 3563 1031 3571">
     <span class='ocr_line' id='line_1_29' title="bbox 873 3563 1031 3571; baseline 0 -1"><span class='ocrx_word' id='word_1_218' title='bbox 873 3563 1031 3571; x_wconf 55' lang='grc' dir='ltr'><strong><em>Μ</em></strong></span> 
     </span>
    </p>
   </div>
   <div class='ocr_carea' id='block_1_5' title="bbox 916 3711 988 3771">
    <p class='ocr_par' dir='ltr' id='par_1_5' title="bbox 916 3711 988 3771">
     <span class='ocr_line' id='line_1_30' title="bbox 916 3711 988 3771; baseline -0.014 -1"><span class='ocrx_word' id='word_1_219' title='bbox 916 3711 988 3771; x_wconf 87' lang='grc'>188.</span> 
     </span>
    </p>
   </div>
   <div class='ocr_carea' id='block_1_6' title="bbox 390 3849 1513 4047">
    <p class='ocr_par' dir='ltr' id='par_1_6' title="bbox 390 3849 1513 4047">
     <span class='ocr_line' id='line_1_31' title="bbox 390 3849 1513 3941; baseline 0.007 -32"><span class='ocrx_word' id='word_1_220' title='bbox 390 3849 483 3910; x_wconf 75' lang='grc'><em>1464.</em></span> <span class='ocrx_word' id='word_1_221' title='bbox 515 3851 546 3916; x_wconf 87' lang='grc' dir='ltr'><strong><em>Α</em></strong></span> <span class='ocrx_word' id='word_1_222' title='bbox 572 3849 723 3914; x_wconf 68' lang='lat' dir='ltr'>aetenae·</span> <span class='ocrx_word' id='word_1_223' title='bbox 747 3852 958 3938; x_wconf 73' lang='lat' dir='ltr'>lobatdraosdp</span> <span class='ocrx_word' id='word_1_224' title='bbox 986 3853 1098 3918; x_wconf 82' lang='lat' dir='ltr'>Bemdo</span> <span class='ocrx_word' id='word_1_225' title='bbox 1115 3853 1259 3917; x_wconf 76' lang='lat' dir='ltr'>Ferruca</span> <span class='ocrx_word' id='word_1_226' title='bbox 1284 3864 1513 3941; x_wconf 73' lang='lat' dir='ltr'>teapcraapyot</span> 
     </span>
     <span class='ocr_line' id='line_1_32' title="bbox 493 3957 1415 4047; baseline 0.008 -28"><span class='ocrx_word' id='word_1_227' title='bbox 493 3957 652 4041; x_wconf 72' lang='lat' dir='ltr'>mcpbizac</span> <span class='ocrx_word' id='word_1_228' title='bbox 670 3983 690 4020; x_wconf 83' lang='lat' dir='ltr'>c</span> <span class='ocrx_word' id='word_1_229' title='bbox 706 3960 794 4023; x_wconf 70' lang='lat' dir='ltr'>to&#39;rtib</span> <span class='ocrx_word' id='word_1_230' title='bbox 810 3961 893 4023; x_wconf 72' lang='lat' dir='ltr'>attat</span> <span class='ocrx_word' id='word_1_231' title='bbox 911 3961 1049 4044; x_wconf 75' lang='lat' dir='ltr'>ojriatott</span> <span class='ocrx_word' id='word_1_232' title='bbox 1066 3962 1138 4024; x_wconf 70' lang='lat' dir='ltr'>tete</span> <span class='ocrx_word' id='word_1_233' title='bbox 1155 3961 1415 4047; x_wconf 69' lang='lat' dir='ltr'>tdrppaldsdvat.</span> 
     </span>
    </p>
   </div>
   <div class='ocr_carea' id='block_1_7' title="bbox 386 4114 994 4186">
    <p class='ocr_par' dir='ltr' id='par_1_7' title="bbox 386 4114 994 4186">
     <span class='ocr_line' id='line_1_33' title="bbox 386 4114 994 4186; baseline 0.005 -5"><span class='ocrx_word' id='word_1_234' title='bbox 386 4114 675 4184; x_wconf 80' lang='lat' dir='ltr'>MoccOLXIV.</span> <span class='ocrx_word' id='word_1_235' title='bbox 693 4119 744 4182; x_wconf 91' lang='lat' dir='ltr'>die</span> <span class='ocrx_word' id='word_1_236' title='bbox 763 4124 813 4184; x_wconf 87' lang='lat'>31.</span> <span class='ocrx_word' id='word_1_237' title='bbox 831 4121 856 4186; x_wconf 88' lang='lat' dir='ltr'><strong>J</strong></span> <span class='ocrx_word' id='word_1_238' title='bbox 857 4122 994 4186; x_wconf 89' lang='lat' dir='ltr'>anuarii.</span> 
     </span>
    </p>
   </div>
   <div class='ocr_carea' id='block_1_8' title="bbox 388 4224 1515 4421">
    <p class='ocr_par' dir='ltr' id='par_1_8' title="bbox 388 4224 1515 4421">
     <span class='ocr_line' id='line_1_34' title="bbox 494 4224 1515 4313; baseline 0.008 -24"><span class='ocrx_word' id='word_1_239' title='bbox 494 4224 662 4308; x_wconf 79' lang='lat' dir='ltr'>Quomodo</span> <span class='ocrx_word' id='word_1_240' title='bbox 689 4249 727 4290; x_wconf 88' lang='lat' dir='ltr'>ex</span> <span class='ocrx_word' id='word_1_241' title='bbox 752 4229 801 4311; x_wconf 78' lang='lat' dir='ltr'>iia,</span> <span class='ocrx_word' id='word_1_242' title='bbox 827 4251 888 4312; x_wconf 89' lang='lat' dir='ltr'>que</span> <span class='ocrx_word' id='word_1_243' title='bbox 914 4230 1048 4294; x_wconf 86' lang='lat' dir='ltr'>diversis</span> <span class='ocrx_word' id='word_1_244' title='bbox 1073 4229 1188 4309; x_wconf 90' lang='lat' dir='ltr'>modis,</span> <span class='ocrx_word' id='word_1_245' title='bbox 1214 4230 1271 4293; x_wconf 92' lang='lat' dir='ltr'>sed</span> <span class='ocrx_word' id='word_1_246' title='bbox 1297 4235 1470 4313; x_wconf 87' lang='lat' dir='ltr'>presertim</span> <span class='ocrx_word' id='word_1_247' title='bbox 1496 4253 1515 4296; x_wconf 87' lang='lat' dir='ltr'>a</span> 
     </span>
     <span class='ocr_line' id='line_1_35' title="bbox 388 4331 1514 4421; baseline 0.007 -27"><span class='ocrx_word' id='word_1_248' title='bbox 388 4331 528 4396; x_wconf 88' lang='lat' dir='ltr'>Domino</span> <span class='ocrx_word' id='word_1_249' title='bbox 546 4333 694 4416; x_wconf 89' lang='lat' dir='ltr'>Despcta</span> <span class='ocrx_word' id='word_1_250' title='bbox 712 4334 825 4400; x_wconf 85' lang='lat' dir='ltr'>Sancti</span> <span class='ocrx_word' id='word_1_251' title='bbox 842 4336 958 4402; x_wconf 87' lang='lat' dir='ltr'>Maure</span> <span class='ocrx_word' id='word_1_252' title='bbox 975 4359 1078 4421; x_wconf 87' lang='lat' dir='ltr'>nuper</span> <span class='ocrx_word' id='word_1_253' title='bbox 1094 4337 1210 4403; x_wconf 89' lang='lat' dir='ltr'>habita</span> <span class='ocrx_word' id='word_1_254' title='bbox 1226 4343 1301 4402; x_wconf 88' lang='lat' dir='ltr'>sunt</span> <span class='ocrx_word' id='word_1_255' title='bbox 1317 4344 1368 4402; x_wconf 90' lang='lat' dir='ltr'>etc</span> <span class='ocrx_word' id='word_1_256' title='bbox 1370 4388 1514 4404; x_wconf 92' lang='grc'><strong>.......</strong></span> 
     </span>
    </p>
   </div>
   <div class='ocr_carea' id='block_1_9' title="bbox 496 4477 1280 4546">
    <p class='ocr_par' dir='ltr' id='par_1_9' title="bbox 496 4477 1280 4546">
     <span class='ocr_line' id='line_1_36' title="bbox 496 4477 1280 4546; baseline 0.009 -24"><span class='ocrx_word' id='word_1_257' title='bbox 496 4477 530 4537; x_wconf 91' lang='grc' dir='ltr'>(Α</span> <span class='ocrx_word' id='word_1_258' title='bbox 544 4477 623 4524; x_wconf 79' lang='lat' dir='ltr'>tbbbi</span> <span class='ocrx_word' id='word_1_259' title='bbox 637 4479 780 4528; x_wconf 87' lang='lat' dir='ltr'>elmaradt.</span> <span class='ocrx_word' id='word_1_260' title='bbox 797 4507 827 4514; x_wconf 95' lang='lat'><em>-</em></span> <span class='ocrx_word' id='word_1_261' title='bbox 842 4482 989 4530; x_wconf 87' lang='lat' dir='ltr'>Velenczei</span> <span class='ocrx_word' id='word_1_262' title='bbox 1004 4483 1180 4546; x_wconf 77' lang='lat' dir='ltr'>allamk&#39;dnyv</span> <span class='ocrx_word' id='word_1_263' title='bbox 1196 4485 1237 4532; x_wconf 84' lang='grc'>64.</span> <span class='ocrx_word' id='word_1_264' title='bbox 1252 4483 1280 4541; x_wconf 90' lang='lat' dir='ltr'>l.)</span> 
     </span>
    </p>
   </div>
   <div class='ocr_carea' id='block_1_10' title="bbox 881 4625 1029 4636">
    <p class='ocr_par' dir='ltr' id='par_1_10' title="bbox 881 4625 1029 4636">
     <span class='ocr_line' id='line_1_37' title="bbox 881 4625 1029 4636; baseline 0.007 0"><span class='ocrx_word' id='word_1_265' title='bbox 881 4625 1029 4636; x_wconf 70' lang='lat'><strong>--——-—--—</strong></span> 
     </span>
    </p>
   </div>
   <div class='ocr_carea' id='block_1_11' title="bbox 0 0 1662 5300">
    <p class='ocr_par' dir='ltr' id='par_1_11' title="bbox 0 0 1662 5300">
     <span class='ocr_line' id='line_1_38' title="bbox 0 0 1662 5300; baseline 0 0"><span class='ocrx_word' id='word_1_266' title='bbox 0 0 1662 5300; x_wconf 95' lang='lat' dir='ltr'> </span> 
     </span>
    </p>
   </div>
  </div>
 </body>
</html>
