3268 5308
722 347 953 396 orrnouncnnu
970 333 1142 392 0110111111.

914 834 965 894 66.

376 1038 475 1104 1461.
506 1029 704 1100 Aveleuczei
725 1029 941 1092 cillamtano‘ca
968 1025 1155 1089 boldrozota
1181 1045 1201 1084 a
1226 1017 1369 1082 bosanini
1395 1020 1508 1104 lciroly

483 1141 551 1206 teth
569 1140 707 1204 rendbeli
732 1136 895 1201 kdrrlme're
920 1132 1049 1197 odando'
1073 1130 1186 1192 rdluaz
1202 1127 1396 1212 ta'rpya'ban.

374 1370 632 1440 MCOOOLXI.
651 1370 704 1434 die
720 1367 827 1451 primo
843 1364 1042 1432 Decembris.

376 1481 548 1566 Sapientes
564 1476 704 1560 Consilii
852 1490 949 1575 Quod
961 1487 1142 1572 Spectabili
1153 1484 1289 1552 Oratori
1300 1482 1510 1549 Serenissimi

472 1614 487 1648 >
580 1593 603 1650 i·
619 1585 640 1650 f·
657 1591 690 1650 ei
808 1600 910 1682 Regis
934 1597 1083 1677 Bossine‚
1101 1596 1158 1677 qui
1182 1614 1287 1676 nuper
1312 1590 1354 1656 ad
1378 1612 1512 1674 presen-

471 1719 487 1753 »
582 1682 762 1794 Ordinem·
813 1707 893 1772 tiam
910 1710 1058 1770 nostram
1074 1721 1107 1767 se
1124 1701 1271 1780 contulit,
1297 1706 1414 1765 ettam
1440 1691 1512 1764 ore-

384 1784 603 1793 -—.-.-——-—-.

381 1827 485 1902 tenus,
502 1839 603 1900 quam
619 1840 679 1901 per
696 1819 892 1899 scripturam
908 1813 1082 1896 explicavit
1097 1816 1130 1876 et
1146 1809 1292 1894 porrexit
1307 1807 1400 1872 nobis
1426 1809 1514 1890 eapi-

382 1926 453 1992 tula
469 1926 556 1990 lecta
572 1925 647 1989 huie
664 1923 823 2006 Consilio,
838 1921 1090 2005 respondeatur:

491 2031 589 2116 Quod
600 2031 782 2114 gratissimo
792 2031 903 2095 animo
914 2028 1143 2109 intelleximus
1152 2029 1311 2108 quantum
1318 2022 1516 2108 Spectabili-

384 2147 437 2206 tas
454 2140 522 2206 Sua
537 2146 606 2205 tam
622 2145 782 2218 oretenus
807 2159 904 2220 quam
921 2137 955 2200 in
971 2135 1102 2218 scriptis
1112 2140 1208 2217 parte
1218 2132 1428 2199 Serenissimi
1443 2129 1513 2196 Do-

385 2249 466 2312 mini
483 2248 536 2313 sui·
548 2246 650 2330 Regis
660 2243 945 2328 explicavitnobis,
956 2265 1028 2308 oum
1039 2244 1126 2308 enim
1135 2241 1309 2326 Majestati
1325 2239 1391 2306 Sue
1412 2240 1513 2324 pluri-

385 2377 473 2418 mum
489 2354 599 2420 affecti
615 2374 732 2435 sumus,
749 2353 844 2418 sicuti
861 2352 959 2417 etiam
975 2371 1102 2434 semper
1118 2348 1238 2414 fuimus
1264 2369 1343 2430 erga
1369 2346 1515 2413 80101110-

386 2462 484 2526 simos
501 2462 639 2529 condam
655 2468 837 2548 genitorem
863 2467 896 2527 et
914 2461 1163 2546 predecessores
1188 2481 1271 2539 suos,
1288 2463 1415 2526 certum
1441 2480 1515 2523 eum

384 2569 623 2650 essevolumus,
645 2571 735 2652 quod
762 2593 879 2654 sumus,
905 2570 1169 2655 reperiemurque
1194 2588 1320 2652 semper
1345 2565 1456 2650 cupidi
1479 2565 1515 2627 111

385 2676 509 2740 eunctis
537 2676 746 2761 possibilibus
763 2676 827 2744 Sue
845 2676 1043 2744 Celsitudini
1068 2677 1269 2761 complacere
1290 2680 1324 2739 et
1339 2674 1427 2738 circa
1443 2692 1517 2755 par-

385 2790 459 2868 tem,
476 2805 536 2868 per
552 2804 651 2867 quam
666 2785 749 2868 petit
765 2785 919 2852 assummi
935 2787 968 2849 in
986 2805 1118 2850 numero
1144 2782 1301 2848 nobilium
1319 2786 1517 2860 nostrorum,

387 2892 533 2974 dicimus,
547 2891 636 2976 quod
653 2893 743 2976 sequi
759 2892 965 2957 intendentes
981 2891 1043 2956 hoc
1053 2890 1303 2956 sincerissimum
1313 2888 1518 2972 propositum

390 3006 537 3066 nostrum
557 3000 588 3064 in
607 2999 736 3083 signum
752 3006 785 3066 et
801 3000 1110 3065 demonstrationem
1126 2999 1246 3064 amoris
1262 2997 1366 3061 nostri
1382 2997 1416 3060 in
1436 3017 1517 3075 011111,

390 3109 535 3170 contenti
551 3129 661 3172 sumus
676 3108 796 3174 habere
806 3115 839 3175 et
848 3109 992 3192 recipere
1004 3105 1221 3172 Serenitatem
1232 3101 1335 3170 Suam
1344 3105 1379 3168 in
1390 3123 1519 3170 consor-

388 3213 435 3276 tio
451 3210 623 3278 Nobilium
640 3217 833 3297 nostrorum,
857 3222 891 3280 et
908 3216 951 3280 ad
967 3216 1036 3300 ejus
1052 3213 1181 3279 libitum
1197 3214 1227 3279 ei
1243 3212 1313 3277 fieri
1328 3212 1439 3280 faeere
1455 3210 1520 3293 pri-

387 3317 541 3401 vilegium
558 3319 702 3383 suumin
719 3321 828 3402 ampla
844 3328 876 3386 et
892 3321 1077 3387 honorabili
1094 3321 1219 3402 forma„
1237 3320 1322 3385 sicut
1348 3317 1521 3384 celsitudi-

389 3446 462 3490 nem
478 3424 579 3492 Suam
596 3427 700 3494 decet.

497 3533 549 3597 De
564 3535 680 3616 Domo,
697 3558 798 3619 quam
814 3539 898 3620 petit
913 3537 948 3602 in
963 3537 1024 3603 hac
1040 3536 1131 3604 Urbe
1147 3543 1269 3618 nostra,
1285 3534 1439 3602 vellemus
1451 3533 1522 3600 Ma-

388 3639 503 3723 jestati
533 3638 598 3705 Sue
624 3641 813 3708 satisfacere
837 3666 944 3727 posse,
969 3645 1025 3712 sed
1051 3652 1089 3710 ut
1114 3639 1233 3728 optime
1258 3643 1362 3708 videri
1388 3647 1421 3708 ot
1447 3643 1523 3707 sciri

391 3752 509 3830 potest,
525 3768 596 3813 cum
613 3749 755 3814 maxima
771 3749 964 3832 difficultate
980 3753 1032 3817 hic
1057 3753 1265 3835 reperiuntur
1290 3751 1403 3818 domus
1429 3772 1523 3814 vena-

391 3857 448 3937 les,
464 3877 537 3940 ymo
553 3862 591 3921 ut
607 3856 713 3922 verius
730 3856 911 3942 loquamur,
937 3861 1052 3926 haberi
1068 3880 1133 3924 non
1149 3865 1294 3943 possunt,
1319 3859 1524 3941 maximeque

393 3963 433 4028 de
450 3963 523 4050 illis,
541 3984 606 4046 que
623 3964 719 4050 digne
737 3967 809 4048 sint,
836 3972 869 4031 et
885 3967 1023 4051 alicujus
1041 3967 1246 4050 conditionis,
1270 3965 1409 4049 ideoque
1431 3986 1526 4050 roga·

392 4093 462 4136 mus
474 4068 708 4139 Celsitudinem
720 4073 829 4154 Suam,
845 4075 925 4140 utin
936 4073 997 4138 hoc
1007 4097 1066 4143 nos
1078 4079 1290 4158 supportatos
1300 4074 1422 4139 habere
1433 4075 1521 4138 velit.

501 4181 541 4244 llt
557 4180 718 4263 quomodo
735 4182 818 4264 petit
834 4182 932 4248 etiam
948 4201 1006 4264 per
1032 4204 1090 4247 nos
1117 4182 1179 4246 sibi
1205 4182 1321 4248 donari
1347 4201 1446 4245 unam
1472 4182 1527 4245 do-

393 4307 480 4350 mum
495 4287 528 4351 in
537 4286 563 4351 J
564 4287 654 4369 adra,
671 4288 749 4353 facti
765 4310 874 4354 sumus
892 4291 1055 4370 certiores,
1072 4310 1137 4356 non
1154 4311 1223 4354 esse
1239 4290 1273 4354 in
1283 4290 1308 4355 J
1310 4288 1391 4354 adra
1405 4289 1527 4372 domos,

395 4415 457 4474 que
479 4395 673 4459 conveniant
697 4395 851 4478 dignitati
876 4403 910 4461 et
933 4397 1051 4462 honori
1077 4397 1264 4481 Majestatis
1282 4397 1354 4478 Sue,
1380 4397 1468 4463 unde
1494 4399 1526 4461 in

396 4499 479 4564 hano
495 4501 594 4566 etiem
610 4501 729 4568 habere
746 4524 805 4569 nos
822 4511 930 4587 potest
946 4505 1063 4570 merito
1084 4509 1261 4573 excusatos.
