<?xml version="1.0" encoding="UTF-8"?>
<!DOCTYPE html PUBLIC "-//W3C//DTD XHTML 1.0 Transitional//EN"
    "http://www.w3.org/TR/xhtml1/DTD/xhtml1-transitional.dtd">
<html xmlns="http://www.w3.org/1999/xhtml" xml:lang="en" lang="en">
 <head>
  <title>
</title>
<meta http-equiv="Content-Type" content="text/html;charset=utf-8" />
  <meta name='ocr-system' content='tesseract 3.04.00' />
  <meta name='ocr-capabilities' content='ocr_page ocr_carea ocr_par ocr_line ocrx_word'/>
</head>
<body>
  <div class='ocr_page' id='page_1' title='image "./magyardiplomacz01mattgoog_0205.png"; bbox 0 0 3268 5308; ppageno 0'>
   <div class='ocr_carea' id='block_1_1' title="bbox 634 383 1244 470">
    <p class='ocr_par' dir='ltr' id='par_1_1' title="bbox 634 383 1244 470">
     <span class='ocr_line' id='line_1_1' title="bbox 634 383 1244 470; baseline 0.007 -6"><span class='ocrx_word' id='word_1_1' title='bbox 634 383 728 465; x_wconf 71' lang='lat' dir='ltr'><strong>tlte.</strong></span> <span class='ocrx_word' id='word_1_2' title='bbox 1183 387 1244 470; x_wconf 77' lang='lat' dir='ltr'><strong>fvt</strong></span> 
     </span>
    </p>
   </div>
   <div class='ocr_carea' id='block_1_2' title="bbox 115 567 1247 1200">
    <p class='ocr_par' dir='ltr' id='par_1_2' title="bbox 115 567 1247 1200">
     <span class='ocr_line' id='line_1_2' title="bbox 116 567 1247 664; baseline 0.009 -27"><span class='ocrx_word' id='word_1_3' title='bbox 116 585 182 638; x_wconf 86' lang='lat' dir='ltr'><strong>non</strong></span> <span class='ocrx_word' id='word_1_4' title='bbox 208 567 420 656; x_wconf 76' lang='lat' dir='ltr'><strong>inducamus,</strong></span> <span class='ocrx_word' id='word_1_5' title='bbox 437 598 575 664; x_wconf 91' lang='lat' dir='ltr'><strong>quorum</strong></span> <span class='ocrx_word' id='word_1_6' title='bbox 600 577 695 643; x_wconf 89' lang='lat' dir='ltr'><strong>ruina</strong></span> <span class='ocrx_word' id='word_1_7' title='bbox 711 600 775 643; x_wconf 90' lang='lat' dir='ltr'><strong>nou</strong></span> <span class='ocrx_word' id='word_1_8' title='bbox 792 581 896 645; x_wconf 89' lang='lat' dir='ltr'><strong>solum</strong></span> <span class='ocrx_word' id='word_1_9' title='bbox 912 579 1015 660; x_wconf 88' lang='lat' dir='ltr'><strong>nobis,</strong></span> <span class='ocrx_word' id='word_1_10' title='bbox 1041 581 1097 646; x_wconf 89' lang='lat' dir='ltr'><strong>sed</strong></span> <span class='ocrx_word' id='word_1_11' title='bbox 1121 582 1247 647; x_wconf 85' lang='lat' dir='ltr'><strong>univer-</strong></span> 
     </span>
     <span class='ocr_line' id='line_1_3' title="bbox 116 681 1246 773; baseline 0.007 -28"><span class='ocrx_word' id='word_1_12' title='bbox 116 681 161 746; x_wconf 85' lang='lat' dir='ltr'><strong>sis</strong></span> <span class='ocrx_word' id='word_1_13' title='bbox 178 682 279 746; x_wconf 89' lang='lat' dir='ltr'><strong>etiam</strong></span> <span class='ocrx_word' id='word_1_14' title='bbox 296 682 453 766; x_wconf 86' lang='lat' dir='ltr'><strong>potentijs</strong></span> <span class='ocrx_word' id='word_1_15' title='bbox 470 683 654 749; x_wconf 86' lang='lat' dir='ltr'><strong>christianis</strong></span> <span class='ocrx_word' id='word_1_16' title='bbox 670 687 861 767; x_wconf 80' lang='lat' dir='ltr'><strong>¹gravissime</strong></span> <span class='ocrx_word' id='word_1_17' title='bbox 884 688 1013 773; x_wconf 87' lang='lat' dir='ltr'><strong>jacture</strong></span> <span class='ocrx_word' id='word_1_18' title='bbox 1045 694 1078 753; x_wconf 89' lang='lat' dir='ltr'><strong>et</strong></span> <span class='ocrx_word' id='word_1_19' title='bbox 1108 690 1246 770; x_wconf 88' lang='lat' dir='ltr'><strong>periculi</strong></span> 
     </span>
     <span class='ocr_line' id='line_1_4' title="bbox 116 789 1244 873; baseline 0.007 -22"><span class='ocrx_word' id='word_1_20' title='bbox 116 795 213 854; x_wconf 87' lang='lat' dir='ltr'><strong>esset.</strong></span> <span class='ocrx_word' id='word_1_21' title='bbox 230 789 278 855; x_wconf 82' lang='lat' dir='ltr'><strong>Et</strong></span> <span class='ocrx_word' id='word_1_22' title='bbox 294 796 470 873; x_wconf 90' lang='lat' dir='ltr'><strong>propterea</strong></span> <span class='ocrx_word' id='word_1_23' title='bbox 495 791 576 857; x_wconf 90' lang='lat' dir='ltr'><strong>sicut</strong></span> <span class='ocrx_word' id='word_1_24' title='bbox 602 797 678 857; x_wconf 86' lang='lat' dir='ltr'><strong>tunc</strong></span> <span class='ocrx_word' id='word_1_25' title='bbox 708 792 988 863; x_wconf 83' lang='lat' dir='ltr'><strong>Reverendissime</strong></span> <span class='ocrx_word' id='word_1_26' title='bbox 1020 796 1244 862; x_wconf 89' lang='lat' dir='ltr'><strong>Dominationi</strong></span> 
     </span>
     <span class='ocr_line' id='line_1_5' title="bbox 116 893 1246 984; baseline 0.006 -25"><span class='ocrx_word' id='word_1_27' title='bbox 116 893 183 973; x_wconf 81' lang='lat' dir='ltr'><strong>Sue</strong></span> <span class='ocrx_word' id='word_1_28' title='bbox 211 897 359 978; x_wconf 86' lang='lat' dir='ltr'><strong>diximus,</strong></span> <span class='ocrx_word' id='word_1_29' title='bbox 374 899 432 962; x_wconf 51' lang='lat' dir='ltr'><strong>‘ita</strong></span> <span class='ocrx_word' id='word_1_30' title='bbox 467 897 672 982; x_wconf 80' lang='lat' dir='ltr'>replicamus,</span> <span class='ocrx_word' id='word_1_31' title='bbox 699 901 785 984; x_wconf 90' lang='lat' dir='ltr'><strong>qnod</strong></span> <span class='ocrx_word' id='word_1_32' title='bbox 811 902 940 984; x_wconf 89' lang='lat' dir='ltr'><strong>quando</strong></span> <span class='ocrx_word' id='word_1_33' title='bbox 966 904 1139 968; x_wconf 76' lang='lat' dir='ltr'>sentiemus</span> <span class='ocrx_word' id='word_1_34' title='bbox 1165 903 1246 968; x_wconf 91' lang='lat' dir='ltr'><strong>alios</strong></span> 
     </span>
     <span class='ocr_line' id='line_1_6' title="bbox 118 1003 1245 1094; baseline 0.007 -26"><span class='ocrx_word' id='word_1_35' title='bbox 118 1003 317 1069; x_wconf 90' lang='lat' dir='ltr'><strong>christianos</strong></span> <span class='ocrx_word' id='word_1_36' title='bbox 333 1011 522 1087; x_wconf 80' lang='lat' dir='ltr'><strong>potentatus</strong></span> <span class='ocrx_word' id='word_1_37' title='bbox 539 1027 607 1070; x_wconf 91' lang='lat' dir='ltr'><strong>rem</strong></span> <span class='ocrx_word' id='word_1_38' title='bbox 626 1008 688 1090; x_wconf 90' lang='lat' dir='ltr'><strong>ipsi</strong></span> <span class='ocrx_word' id='word_1_39' title='bbox 704 1011 849 1093; x_wconf 82' lang='lat' dir='ltr'>aggredi,</span> <span class='ocrx_word' id='word_1_40' title='bbox 867 1011 950 1075; x_wconf 91' lang='lat' dir='ltr'><strong>sicut</strong></span> <span class='ocrx_word' id='word_1_41' title='bbox 967 1010 1036 1094; x_wconf 91' lang='lat' dir='ltr'><strong>ejus</strong></span> <span class='ocrx_word' id='word_1_42' title='bbox 1056 1010 1245 1094; x_wconf 85' lang='lat' dir='ltr'><strong>magnitudo</strong></span> 
     </span>
     <span class='ocr_line' id='line_1_7' title="bbox 115 1112 1246 1200; baseline 0.008 -25"><span class='ocrx_word' id='word_1_43' title='bbox 115 1112 228 1196; x_wconf 84' lang='lat' dir='ltr'><strong>exigit,</strong></span> <span class='ocrx_word' id='word_1_44' title='bbox 244 1133 303 1176; x_wconf 88' lang='lat' dir='ltr'><strong>nos</strong></span> <span class='ocrx_word' id='word_1_45' title='bbox 320 1134 447 1196; x_wconf 90' lang='lat' dir='ltr'><strong>quoque</strong></span> <span class='ocrx_word' id='word_1_46' title='bbox 462 1115 664 1196; x_wconf 83' lang='lat' dir='ltr'><strong>paratissimi</strong></span> <span class='ocrx_word' id='word_1_47' title='bbox 681 1121 713 1179; x_wconf 88' lang='lat' dir='ltr'><strong>et</strong></span> <span class='ocrx_word' id='word_1_48' title='bbox 738 1117 950 1200; x_wconf 82' lang='lat' dir='ltr'><strong>promtissimi</strong></span> <span class='ocrx_word' id='word_1_49' title='bbox 976 1118 1176 1200; x_wconf 84' lang='lat' dir='ltr'><strong>reperiemur</strong></span> <span class='ocrx_word' id='word_1_50' title='bbox 1203 1120 1246 1184; x_wconf 89' lang='lat' dir='ltr'><strong>ad</strong></span> 
     </span>
    </p>
   </div>
   <div class='ocr_carea' id='block_1_3' title="bbox 1 1219 1242 1308">
    <p class='ocr_par' dir='ltr' id='par_1_3' title="bbox 1 1219 1242 1308">
     <span class='ocr_line' id='line_1_8' title="bbox 1 1219 1242 1308; baseline 0.006 -27"><span class='ocrx_word' id='word_1_51' title='bbox 1 1252 2 1259; x_wconf 22' lang='grc' dir='ltr'><strong>κ</strong></span> <span class='ocrx_word' id='word_1_52' title='bbox 114 1221 236 1300; x_wconf 90' lang='lat' dir='ltr'><strong>omnia,</strong></span> <span class='ocrx_word' id='word_1_53' title='bbox 254 1239 315 1300; x_wconf 91' lang='lat' dir='ltr'><strong>que</strong></span> <span class='ocrx_word' id='word_1_54' title='bbox 333 1219 551 1286; x_wconf 86' lang='lat' dir='ltr'><strong>defensionem</strong></span> <span class='ocrx_word' id='word_1_55' title='bbox 567 1221 743 1288; x_wconf 88' lang='lat' dir='ltr'><strong>christiane</strong></span> <span class='ocrx_word' id='word_1_56' title='bbox 760 1224 940 1308; x_wconf 80' lang='lat' dir='ltr'><strong>religionis,</strong></span> <span class='ocrx_word' id='word_1_57' title='bbox 957 1223 1111 1288; x_wconf 89' lang='lat' dir='ltr'><strong>honorem</strong></span> <span class='ocrx_word' id='word_1_58' title='bbox 1128 1231 1161 1289; x_wconf 91' lang='lat' dir='ltr'><strong>et</strong></span> <span class='ocrx_word' id='word_1_59' title='bbox 1177 1247 1242 1291; x_wconf 92' lang='lat' dir='ltr'><strong>am-</strong></span> 
     </span>
    </p>
   </div>
   <div class='ocr_carea' id='block_1_4' title="bbox 116 1325 1245 1631">
    <p class='ocr_par' dir='ltr' id='par_1_4' title="bbox 116 1325 1245 1631">
     <span class='ocr_line' id='line_1_9' title="bbox 120 1325 1245 1414; baseline 0.005 -24"><span class='ocrx_word' id='word_1_60' title='bbox 120 1325 317 1409; x_wconf 91' lang='lat' dir='ltr'><strong>plitudinem</strong></span> <span class='ocrx_word' id='word_1_61' title='bbox 334 1326 484 1394; x_wconf 78' lang='lat' dir='ltr'><strong>Ecclesia</strong></span> <span class='ocrx_word' id='word_1_62' title='bbox 510 1325 631 1393; x_wconf 81' lang='lat' dir='ltr'><strong>Sancte</strong></span> <span class='ocrx_word' id='word_1_63' title='bbox 655 1329 718 1394; x_wconf 90' lang='lat' dir='ltr'><strong>Dei</strong></span> <span class='ocrx_word' id='word_1_64' title='bbox 745 1336 989 1414; x_wconf 69' lang='lat' dir='ltr'><strong>spectantum</strong></span> <span class='ocrx_word' id='word_1_65' title='bbox 1014 1333 1120 1396; x_wconf 89' lang='lat' dir='ltr'><strong>minus</strong></span> <span class='ocrx_word' id='word_1_66' title='bbox 1147 1352 1245 1414; x_wconf 91' lang='lat' dir='ltr'><strong>quam</strong></span> 
     </span>
     <span class='ocr_line' id='line_1_10' title="bbox 116 1435 1245 1521; baseline 0.006 -24"><span class='ocrx_word' id='word_1_67' title='bbox 116 1435 261 1518; x_wconf 90' lang='lat' dir='ltr'><strong>majores</strong></span> <span class='ocrx_word' id='word_1_68' title='bbox 279 1435 383 1500; x_wconf 86' lang='lat' dir='ltr'><strong>nostri</strong></span> <span class='ocrx_word' id='word_1_69' title='bbox 401 1441 434 1499; x_wconf 93' lang='lat' dir='ltr'><strong>et</strong></span> <span class='ocrx_word' id='word_1_70' title='bbox 449 1457 508 1500; x_wconf 90' lang='lat' dir='ltr'><strong>nos</strong></span> <span class='ocrx_word' id='word_1_71' title='bbox 526 1457 655 1518; x_wconf 90' lang='lat' dir='ltr'><strong>quoque</strong></span> <span class='ocrx_word' id='word_1_72' title='bbox 680 1459 806 1521; x_wconf 90' lang='lat' dir='ltr'><strong>semper</strong></span> <span class='ocrx_word' id='word_1_73' title='bbox 830 1438 938 1504; x_wconf 90' lang='lat' dir='ltr'><strong>facere</strong></span> <span class='ocrx_word' id='word_1_74' title='bbox 965 1441 1107 1504; x_wconf 89' lang='lat' dir='ltr'><strong>consveti</strong></span> <span class='ocrx_word' id='word_1_75' title='bbox 1134 1441 1245 1504; x_wconf 89' lang='lat' dir='ltr'><strong>simus.</strong></span> 
     </span>
     <span class='ocr_line' id='line_1_11' title="bbox 226 1541 1245 1631; baseline 0.008 -27"><span class='ocrx_word' id='word_1_76' title='bbox 226 1541 333 1606; x_wconf 80' lang='lat' dir='ltr'><strong>Facta</strong></span> <span class='ocrx_word' id='word_1_77' title='bbox 350 1548 458 1606; x_wconf 90' lang='lat' dir='ltr'><strong>autem</strong></span> <span class='ocrx_word' id='word_1_78' title='bbox 484 1545 685 1626; x_wconf 86' lang='lat' dir='ltr'><strong>expositione</strong></span> <span class='ocrx_word' id='word_1_79' title='bbox 701 1547 857 1628; x_wconf 90' lang='lat' dir='ltr'><strong>predicta,</strong></span> <span class='ocrx_word' id='word_1_80' title='bbox 874 1553 907 1610; x_wconf 90' lang='lat' dir='ltr'><strong>et</strong></span> <span class='ocrx_word' id='word_1_81' title='bbox 922 1551 1052 1630; x_wconf 90' lang='lat' dir='ltr'><strong>sumpta</strong></span> <span class='ocrx_word' id='word_1_82' title='bbox 1069 1546 1245 1631; x_wconf 89' lang='lat' dir='ltr'><strong>diligentis·</strong></span> 
     </span>
    </p>
   </div>
   <div class='ocr_carea' id='block_1_5' title="bbox 11 1643 1243 1738">
    <p class='ocr_par' dir='ltr' id='par_1_5' title="bbox 11 1643 1243 1738">
     <span class='ocr_line' id='line_1_12' title="bbox 11 1643 1243 1738; baseline 0.005 -25"><span class='ocrx_word' id='word_1_83' title='bbox 11 1643 15 1650; x_wconf 75' lang='grc'><strong>’</strong></span> <span class='ocrx_word' id='word_1_84' title='bbox 116 1649 201 1713; x_wconf 87' lang='lat' dir='ltr'><strong>sima</strong></span> <span class='ocrx_word' id='word_1_85' title='bbox 218 1655 251 1713; x_wconf 89' lang='lat' dir='ltr'><strong>et</strong></span> <span class='ocrx_word' id='word_1_86' title='bbox 266 1650 390 1714; x_wconf 90' lang='lat' dir='ltr'><strong>minuta</strong></span> <span class='ocrx_word' id='word_1_87' title='bbox 406 1649 635 1716; x_wconf 78' lang='lat' dir='ltr'><strong>informatione</strong></span> <span class='ocrx_word' id='word_1_88' title='bbox 653 1651 692 1716; x_wconf 92' lang='lat' dir='ltr'><strong>de</strong></span> <span class='ocrx_word' id='word_1_89' title='bbox 709 1653 950 1720; x_wconf 89' lang='lat' dir='ltr'><strong>conditionibus</strong></span> <span class='ocrx_word' id='word_1_90' title='bbox 976 1652 1062 1718; x_wconf 90' lang='lat' dir='ltr'><strong>illius</strong></span> <span class='ocrx_word' id='word_1_91' title='bbox 1079 1655 1243 1738; x_wconf 82' lang='lat' dir='ltr'><strong>provincie</strong></span> 
     </span>
    </p>
   </div>
   <div class='ocr_carea' id='block_1_6' title="bbox 116 1754 1244 2161">
    <p class='ocr_par' dir='ltr' id='par_1_6' title="bbox 116 1754 1244 2055">
     <span class='ocr_line' id='line_1_13' title="bbox 116 1754 1244 1843; baseline 0.006 -25"><span class='ocrx_word' id='word_1_92' title='bbox 116 1754 157 1819; x_wconf 89' lang='lat' dir='ltr'><strong>de</strong></span> <span class='ocrx_word' id='word_1_93' title='bbox 184 1754 407 1838; x_wconf 89' lang='lat' dir='ltr'><strong>apparatibus,</strong></span> <span class='ocrx_word' id='word_1_94' title='bbox 432 1756 488 1839; x_wconf 91' lang='lat' dir='ltr'><strong>qui</strong></span> <span class='ocrx_word' id='word_1_95' title='bbox 512 1754 601 1840; x_wconf 90' lang='lat' dir='ltr'><strong>fiunt,</strong></span> <span class='ocrx_word' id='word_1_96' title='bbox 628 1758 666 1823; x_wconf 90' lang='lat' dir='ltr'><strong>de</strong></span> <span class='ocrx_word' id='word_1_97' title='bbox 692 1760 918 1843; x_wconf 86' lang='lat' dir='ltr'><strong>progressibus</strong></span> <span class='ocrx_word' id='word_1_98' title='bbox 944 1760 1126 1826; x_wconf 72' lang='lat' dir='ltr'><strong>&#39;lurcorum</strong></span> <span class='ocrx_word' id='word_1_99' title='bbox 1141 1768 1173 1825; x_wconf 89' lang='lat' dir='ltr'><strong>et</strong></span> <span class='ocrx_word' id='word_1_100' title='bbox 1205 1761 1244 1825; x_wconf 93' lang='lat' dir='ltr'><strong>de</strong></span> 
     </span>
     <span class='ocr_line' id='line_1_14' title="bbox 117 1862 1243 1934; baseline 0.004 -6"><span class='ocrx_word' id='word_1_101' title='bbox 117 1862 268 1928; x_wconf 90' lang='lat' dir='ltr'><strong>omnibus</strong></span> <span class='ocrx_word' id='word_1_102' title='bbox 285 1863 374 1929; x_wconf 88' lang='lat' dir='ltr'><strong>novis</strong></span> <span class='ocrx_word' id='word_1_103' title='bbox 400 1869 433 1928; x_wconf 89' lang='lat' dir='ltr'><strong>et</strong></span> <span class='ocrx_word' id='word_1_104' title='bbox 458 1863 556 1930; x_wconf 92' lang='lat' dir='ltr'><strong>rebus</strong></span> <span class='ocrx_word' id='word_1_105' title='bbox 584 1869 812 1933; x_wconf 86' lang='lat' dir='ltr'><strong>occurentibus</strong></span> <span class='ocrx_word' id='word_1_106' title='bbox 834 1867 874 1932; x_wconf 90' lang='lat' dir='ltr'><strong>ad</strong></span> <span class='ocrx_word' id='word_1_107' title='bbox 891 1873 1034 1934; x_wconf 89' lang='lat' dir='ltr'><strong>nostram</strong></span> <span class='ocrx_word' id='word_1_108' title='bbox 1060 1890 1132 1934; x_wconf 93' lang='lat' dir='ltr'><strong>cum</strong></span> <span class='ocrx_word' id='word_1_109' title='bbox 1158 1871 1243 1934; x_wconf 92' lang='lat' dir='ltr'><strong>omni</strong></span> 
     </span>
     <span class='ocr_line' id='line_1_15' title="bbox 117 1965 702 2055; baseline 0.009 -20"><span class='ocrx_word' id='word_1_110' title='bbox 117 1971 292 2055; x_wconf 89' lang='lat' dir='ltr'><strong>diligentia</strong></span> <span class='ocrx_word' id='word_1_111' title='bbox 308 1971 413 2055; x_wconf 76' lang='lat' dir='ltr'><strong>redire</strong></span> <span class='ocrx_word' id='word_1_112' title='bbox 430 1970 556 2038; x_wconf 88' lang='lat' dir='ltr'><strong>debeas.</strong></span> <span class='ocrx_word' id='word_1_113' title='bbox 696 1965 702 1973; x_wconf 49' lang='lat'><em>⁶</em></span> 
     </span>
    </p>

    <p class='ocr_par' dir='ltr' id='par_1_7' title="bbox 224 2079 573 2161">
     <span class='ocr_line' id='line_1_16' title="bbox 224 2079 573 2161; baseline 0.006 -18"><span class='ocrx_word' id='word_1_114' title='bbox 224 2079 277 2144; x_wconf 89' lang='lat' dir='ltr'><strong>De</strong></span> <span class='ocrx_word' id='word_1_115' title='bbox 292 2085 388 2161; x_wconf 87' lang='lat' dir='ltr'><strong>parte</strong></span> <span class='ocrx_word' id='word_1_116' title='bbox 433 2119 477 2130; x_wconf 89' lang='lat'><strong>-—</strong></span> <span class='ocrx_word' id='word_1_117' title='bbox 523 2087 573 2146; x_wconf 85' lang='lat'><strong>90.</strong></span> 
     </span>
    </p>
   </div>
   <div class='ocr_carea' id='block_1_7' title="bbox 1 2184 1244 2400">
    <p class='ocr_par' dir='ltr' id='par_1_8' title="bbox 1 2184 1244 2400">
     <span class='ocr_line' id='line_1_17' title="bbox 1 2184 1244 2290; baseline -0.001 -19"><span class='ocrx_word' id='word_1_118' title='bbox 1 2266 2 2289; x_wconf 72' lang='lat'><strong>,</strong></span> <span class='ocrx_word' id='word_1_119' title='bbox 121 2193 149 2254; x_wconf 70' lang='lat'><strong>2·</strong></span> <span class='ocrx_word' id='word_1_120' title='bbox 168 2184 341 2270; x_wconf 48' lang='grc' dir='ltr'><strong>Βὃῖῄθῦὓθθ</strong></span> <span class='ocrx_word' id='word_1_121' title='bbox 358 2186 417 2252; x_wconf 61' lang='lat' dir='ltr'><strong>bf·</strong></span> <span class='ocrx_word' id='word_1_122' title='bbox 497 2205 500 2279; x_wconf 78' lang='grc' dir='ltr'><em>Ξ</em></span> <span class='ocrx_word' id='word_1_123' title='bbox 595 2205 691 2290; x_wconf 80' lang='lat' dir='ltr'><strong>Quod</strong></span> <span class='ocrx_word' id='word_1_124' title='bbox 719 2208 838 2274; x_wconf 89' lang='lat' dir='ltr'><strong>litteris</strong></span> <span class='ocrx_word' id='word_1_125' title='bbox 873 2208 1146 2274; x_wconf 88' lang='lat' dir='ltr'><strong>Reverendissimi</strong></span> <span class='ocrx_word' id='word_1_126' title='bbox 1178 2207 1244 2272; x_wconf 91' lang='lat' dir='ltr'><strong>Do-</strong></span> 
     </span>
     <span class='ocr_line' id='line_1_18' title="bbox 1 2286 1244 2400; baseline -0.002 -20"><span class='ocrx_word' id='word_1_127' title='bbox 1 2323 2 2336; x_wconf 48' lang='lat'>*</span> <span class='ocrx_word' id='word_1_128' title='bbox 117 2300 147 2360; x_wconf 69' lang='lat'><strong>2·</strong></span> <span class='ocrx_word' id='word_1_129' title='bbox 244 2318 260 2352; x_wconf 65' lang='lat'>³</span> <span class='ocrx_word' id='word_1_130' title='bbox 332 2286 500 2400; x_wconf 79' lang='lat' dir='ltr'><strong>Ordinuml</strong></span> <span class='ocrx_word' id='word_1_131' title='bbox 548 2315 627 2378; x_wconf 75' lang='lat' dir='ltr'><strong>mini</strong></span> <span class='ocrx_word' id='word_1_132' title='bbox 644 2313 832 2381; x_wconf 75' lang='lat' dir='ltr'><strong>cardinalis</strong></span> <span class='ocrx_word' id='word_1_133' title='bbox 858 2313 970 2379; x_wconf 72' lang='lat' dir='ltr'><strong>sancti</strong></span> <span class='ocrx_word' id='word_1_134' title='bbox 988 2315 1110 2398; x_wconf 79' lang='lat' dir='ltr'><strong>angeli</strong></span> <span class='ocrx_word' id='word_1_135' title='bbox 1126 2315 1244 2398; x_wconf 70' lang='lat' dir='ltr'><strong>Legati</strong></span> 
     </span>
    </p>
   </div>
   <div class='ocr_carea' id='block_1_8' title="bbox 116 2419 988 2504">
    <p class='ocr_par' dir='ltr' id='par_1_9' title="bbox 1 2395 988 2504">
     <span class='ocr_line' id='line_1_19' title="bbox 116 2419 988 2504; baseline 0.002 -21.767"><span class='ocrx_word' id='word_1_136' title='bbox 116 2421 150 2483; x_wconf 92' lang='lat' dir='ltr'><strong>in</strong></span> <span class='ocrx_word' id='word_1_137' title='bbox 166 2419 345 2503; x_wconf 89' lang='lat' dir='ltr'><strong>Hungaria</strong></span> <span class='ocrx_word' id='word_1_138' title='bbox 359 2421 454 2488; x_wconf 91' lang='lat' dir='ltr'><strong>lectis</strong></span> <span class='ocrx_word' id='word_1_139' title='bbox 470 2421 546 2486; x_wconf 89' lang='lat' dir='ltr'><strong>huic</strong></span> <span class='ocrx_word' id='word_1_140' title='bbox 563 2421 720 2501; x_wconf 82' lang='lat' dir='ltr'><strong>Consilio,</strong></span> <span class='ocrx_word' id='word_1_141' title='bbox 736 2422 988 2504; x_wconf 86' lang='lat' dir='ltr'><strong>respondeatur:</strong></span> 
     </span>
    </p>
   </div>
   <div class='ocr_carea' id='block_1_9' title="bbox 227 2523 1245 2613">
    <p class='ocr_par' dir='ltr' id='par_1_10' title="bbox 227 2523 1245 2613">
     <span class='ocr_line' id='line_1_20' title="bbox 227 2523 1245 2613; baseline -0.001 -20"><span class='ocrx_word' id='word_1_142' title='bbox 227 2523 423 2613; x_wconf 83' lang='lat' dir='ltr'><strong>Accepimus</strong></span> <span class='ocrx_word' id='word_1_143' title='bbox 464 2529 592 2596; x_wconf 90' lang='lat' dir='ltr'><strong>litteras</strong></span> <span class='ocrx_word' id='word_1_144' title='bbox 634 2530 713 2596; x_wconf 87' lang='lat' dir='ltr'><strong>Rev.</strong></span> <span class='ocrx_word' id='word_1_145' title='bbox 759 2529 974 2596; x_wconf 91' lang='lat' dir='ltr'><strong>Paternitatis</strong></span> <span class='ocrx_word' id='word_1_146' title='bbox 1017 2527 1135 2597; x_wconf 86' lang='lat' dir='ltr'><strong>Vestre</strong></span> <span class='ocrx_word' id='word_1_147' title='bbox 1180 2527 1245 2594; x_wconf 91' lang='lat' dir='ltr'><strong>diei</strong></span> 
     </span>
    </p>
   </div>
   <div class='ocr_carea' id='block_1_10' title="bbox 1 2632 1246 2828">
    <p class='ocr_par' dir='ltr' id='par_1_11' title="bbox 1 2632 1246 2843">
     <span class='ocr_line' id='line_1_21' title="bbox 1 2632 1246 2739; baseline -0.017 -18"><span class='ocrx_word' id='word_1_148' title='bbox 1 2725 3 2739; x_wconf 58' lang='lat'><strong>,</strong></span> <span class='ocrx_word' id='word_1_149' title='bbox 117 2632 197 2704; x_wconf 80' lang='lat' dir='ltr'><strong>XV·</strong></span> <span class='ocrx_word' id='word_1_150' title='bbox 213 2636 297 2722; x_wconf 79' lang='lat' dir='ltr'><strong>Julij</strong></span> <span class='ocrx_word' id='word_1_151' title='bbox 330 2638 442 2722; x_wconf 76' lang='lat' dir='ltr'><strong>elapsi,</strong></span> <span class='ocrx_word' id='word_1_152' title='bbox 473 2659 530 2722; x_wconf 89' lang='lat' dir='ltr'><strong>per</strong></span> <span class='ocrx_word' id='word_1_153' title='bbox 565 2660 702 2721; x_wconf 88' lang='lat' dir='ltr'><strong>quarum</strong></span> <span class='ocrx_word' id='word_1_154' title='bbox 728 2644 884 2717; x_wconf 90' lang='lat' dir='ltr'><strong>tenorem,</strong></span> <span class='ocrx_word' id='word_1_155' title='bbox 917 2644 950 2702; x_wconf 87' lang='lat' dir='ltr'><strong>et</strong></span> <span class='ocrx_word' id='word_1_156' title='bbox 981 2638 1091 2720; x_wconf 90' lang='lat' dir='ltr'><strong>copias</strong></span> <span class='ocrx_word' id='word_1_157' title='bbox 1122 2635 1246 2701; x_wconf 88' lang='lat' dir='ltr'><strong>littera-</strong></span> 
     </span>
     <span class='ocr_line' id='line_1_22' title="bbox 115 2743 1243 2828; baseline -0.006 -15.734"><span class='ocrx_word' id='word_1_158' title='bbox 115 2763 188 2808; x_wconf 87' lang='lat' dir='ltr'><strong>rum</strong></span> <span class='ocrx_word' id='word_1_159' title='bbox 204 2744 307 2828; x_wconf 90' lang='lat' dir='ltr'><strong>ipsius</strong></span> <span class='ocrx_word' id='word_1_160' title='bbox 322 2747 441 2812; x_wconf 91' lang='lat' dir='ltr'><strong>litteris</strong></span> <span class='ocrx_word' id='word_1_161' title='bbox 458 2748 605 2828; x_wconf 88' lang='lat' dir='ltr'><strong>insertas,</strong></span> <span class='ocrx_word' id='word_1_162' title='bbox 621 2769 685 2812; x_wconf 92' lang='lat' dir='ltr'><strong>non</strong></span> <span class='ocrx_word' id='word_1_163' title='bbox 703 2748 772 2812; x_wconf 90' lang='lat' dir='ltr'><strong>sine</strong></span> <span class='ocrx_word' id='word_1_164' title='bbox 789 2747 888 2812; x_wconf 90' lang='lat' dir='ltr'><strong>animi</strong></span> <span class='ocrx_word' id='word_1_165' title='bbox 915 2748 1017 2812; x_wconf 88' lang='lat' dir='ltr'><strong>nostri</strong></span> <span class='ocrx_word' id='word_1_166' title='bbox 1038 2743 1243 2828; x_wconf 80' lang='lat' dir='ltr'><strong>displicentia</strong></span> 
     </span>
    </p>
   </div>
   <div class='ocr_carea' id='block_1_11' title="bbox 116 2849 1242 2938">
    <p class='ocr_par' dir='ltr' id='par_1_12' title="bbox 116 2849 1242 2938">
     <span class='ocr_line' id='line_1_23' title="bbox 116 2849 1242 2938; baseline -0.002 -24"><span class='ocrx_word' id='word_1_167' title='bbox 116 2851 335 2917; x_wconf 87' lang='lat' dir='ltr'><strong>intelleximus</strong></span> <span class='ocrx_word' id='word_1_168' title='bbox 361 2854 506 2936; x_wconf 89' lang='lat' dir='ltr'><strong>pericula</strong></span> <span class='ocrx_word' id='word_1_169' title='bbox 523 2854 611 2919; x_wconf 90' lang='lat' dir='ltr'><strong>illius</strong></span> <span class='ocrx_word' id='word_1_170' title='bbox 636 2857 737 2938; x_wconf 89' lang='lat' dir='ltr'><strong>regni.</strong></span> <span class='ocrx_word' id='word_1_171' title='bbox 753 2853 878 2921; x_wconf 88' lang='lat' dir='ltr'><strong>Verum</strong></span> <span class='ocrx_word' id='word_1_172' title='bbox 903 2854 1122 2931; x_wconf 89' lang='lat' dir='ltr'><strong>recordamur,</strong></span> <span class='ocrx_word' id='word_1_173' title='bbox 1155 2849 1242 2932; x_wconf 92' lang='lat' dir='ltr'><strong>qnod</strong></span> 
     </span>
    </p>
   </div>
   <div class='ocr_carea' id='block_1_12' title="bbox 1 2957 1261 3478">
    <p class='ocr_par' dir='ltr' id='par_1_13' title="bbox 1 2957 1261 3482">
     <span class='ocr_line' id='line_1_24' title="bbox 1 2957 1244 3046; baseline -0.002 -25"><span class='ocrx_word' id='word_1_174' title='bbox 1 2966 2 3020; x_wconf 75' lang='lat' dir='ltr'><strong>i</strong></span> <span class='ocrx_word' id='word_1_175' title='bbox 115 2958 247 3040; x_wconf 90' lang='lat' dir='ltr'><strong>quando</strong></span> <span class='ocrx_word' id='word_1_176' title='bbox 264 2958 343 3024; x_wconf 89' lang='lat' dir='ltr'><strong>Rev.</strong></span> <span class='ocrx_word' id='word_1_177' title='bbox 360 2960 551 3028; x_wconf 83' lang='lat' dir='ltr'><strong>Dominatio</strong></span> <span class='ocrx_word' id='word_1_178' title='bbox 568 2959 691 3029; x_wconf 86' lang='lat' dir='ltr'><strong>Vestra</strong></span> <span class='ocrx_word' id='word_1_179' title='bbox 711 2963 918 3046; x_wconf 89' lang='lat' dir='ltr'><strong>Hungariam</strong></span> <span class='ocrx_word' id='word_1_180' title='bbox 944 2959 1165 3044; x_wconf 71' lang='lat' dir='ltr'><strong>proficiscens</strong></span> <span class='ocrx_word' id='word_1_181' title='bbox 1191 2957 1244 3020; x_wconf 88' lang='lat' dir='ltr'><strong>hic</strong></span> 
     </span>
     <span class='ocr_line' id='line_1_25' title="bbox 114 3063 1243 3151; baseline -0.002 -22.182"><span class='ocrx_word' id='word_1_182' title='bbox 114 3064 179 3130; x_wconf 91' lang='lat' dir='ltr'><strong>fuit</strong></span> <span class='ocrx_word' id='word_1_183' title='bbox 194 3066 284 3150; x_wconf 89' lang='lat' dir='ltr'><strong>apud</strong></span> <span class='ocrx_word' id='word_1_184' title='bbox 301 3088 366 3147; x_wconf 92' lang='lat' dir='ltr'><strong>nos,</strong></span> <span class='ocrx_word' id='word_1_185' title='bbox 392 3067 623 3151; x_wconf 87' lang='lat' dir='ltr'><strong>nobiscumque</strong></span> <span class='ocrx_word' id='word_1_186' title='bbox 649 3071 689 3135; x_wconf 87' lang='lat' dir='ltr'><strong>de</strong></span> <span class='ocrx_word' id='word_1_187' title='bbox 715 3069 811 3136; x_wconf 90' lang='lat' dir='ltr'><strong>rebus</strong></span> <span class='ocrx_word' id='word_1_188' title='bbox 837 3071 901 3135; x_wconf 92' lang='lat' dir='ltr'><strong>illis</strong></span> <span class='ocrx_word' id='word_1_189' title='bbox 919 3087 1097 3133; x_wconf 90' lang='lat' dir='ltr'><strong>sermonem</strong></span> <span class='ocrx_word' id='word_1_190' title='bbox 1112 3063 1243 3130; x_wconf 91' lang='lat' dir='ltr'><strong>habuis·</strong></span> 
     </span>
     <span class='ocr_line' id='line_1_26' title="bbox 1 3174 1261 3257; baseline -0.002 -21"><span class='ocrx_word' id='word_1_191' title='bbox 1 3179 2 3228; x_wconf 74' lang='lat' dir='ltr'><strong>i</strong></span> <span class='ocrx_word' id='word_1_192' title='bbox 116 3179 173 3252; x_wconf 76' lang='lat' dir='ltr'><strong>set,</strong></span> <span class='ocrx_word' id='word_1_193' title='bbox 204 3174 291 3238; x_wconf 88' lang='lat' dir='ltr'><strong>inter</strong></span> <span class='ocrx_word' id='word_1_194' title='bbox 323 3180 431 3240; x_wconf 89' lang='lat' dir='ltr'><strong>cetera</strong></span> <span class='ocrx_word' id='word_1_195' title='bbox 456 3175 550 3241; x_wconf 90' lang='lat' dir='ltr'><strong>nobis</strong></span> <span class='ocrx_word' id='word_1_196' title='bbox 585 3178 700 3243; x_wconf 90' lang='lat' dir='ltr'><strong>retulit</strong></span> <span class='ocrx_word' id='word_1_197' title='bbox 731 3185 766 3246; x_wconf 90' lang='lat' dir='ltr'><strong>et</strong></span> <span class='ocrx_word' id='word_1_198' title='bbox 801 3177 978 3242; x_wconf 88' lang='lat' dir='ltr'><strong>affirmavit</strong></span> <span class='ocrx_word' id='word_1_199' title='bbox 1008 3174 1180 3257; x_wconf 89' lang='lat' dir='ltr'><strong>Principes</strong></span> <span class='ocrx_word' id='word_1_200' title='bbox 1212 3177 1261 3234; x_wconf 86' lang='lat' dir='ltr'><strong>et&#39;</strong></span> 
     </span>
     <span class='ocr_line' id='line_1_27' title="bbox 1 3278 1243 3368; baseline -0.004 -23"><span class='ocrx_word' id='word_1_201' title='bbox 1 3289 3 3364; x_wconf 64' lang='lat'><strong>,</strong></span> <span class='ocrx_word' id='word_1_202' title='bbox 115 3287 304 3363; x_wconf 87' lang='lat' dir='ltr'><strong>potentatus</strong></span> <span class='ocrx_word' id='word_1_203' title='bbox 332 3283 592 3350; x_wconf 90' lang='lat' dir='ltr'><strong>ultramontanos</strong></span> <span class='ocrx_word' id='word_1_204' title='bbox 608 3284 690 3351; x_wconf 86' lang='lat' dir='ltr'><strong>bene</strong></span> <span class='ocrx_word' id='word_1_205' title='bbox 706 3286 883 3368; x_wconf 89' lang='lat' dir='ltr'><strong>dispositos</strong></span> <span class='ocrx_word' id='word_1_206' title='bbox 898 3305 976 3363; x_wconf 89' lang='lat' dir='ltr'><strong>esse,</strong></span> <span class='ocrx_word' id='word_1_207' title='bbox 1001 3288 1034 3346; x_wconf 90' lang='lat' dir='ltr'><strong>et</strong></span> <span class='ocrx_word' id='word_1_208' title='bbox 1060 3282 1143 3345; x_wconf 89' lang='lat' dir='ltr'><strong>inter</strong></span> <span class='ocrx_word' id='word_1_209' title='bbox 1160 3278 1243 3344; x_wconf 92' lang='lat' dir='ltr'><strong>alios</strong></span> 
     </span>
     <span class='ocr_line' id='line_1_28' title="bbox 116 3385 1245 3478; baseline 0 -26"><span class='ocrx_word' id='word_1_210' title='bbox 116 3387 366 3454; x_wconf 75' lang='lat' dir='ltr'><strong>serenissimam</strong></span> <span class='ocrx_word' id='word_1_211' title='bbox 408 3390 662 3474; x_wconf 89' lang='lat' dir='ltr'><strong>Imperatoriam</strong></span> <span class='ocrx_word' id='word_1_212' title='bbox 689 3393 902 3478; x_wconf 89' lang='lat' dir='ltr'><strong>Majestatem</strong></span> <span class='ocrx_word' id='word_1_213' title='bbox 930 3389 1086 3455; x_wconf 88' lang='lat' dir='ltr'><strong>obtulisse</strong></span> <span class='ocrx_word' id='word_1_214' title='bbox 1113 3385 1245 3452; x_wconf 84' lang='lat' dir='ltr'><strong>Summo</strong></span> 
     </span>
    </p>
   </div>
   <div class='ocr_carea' id='block_1_13' title="bbox 119 3494 1244 3580">
    <p class='ocr_par' dir='ltr' id='par_1_14' title="bbox 119 3494 1244 3580">
     <span class='ocr_line' id='line_1_29' title="bbox 119 3494 1244 3580; baseline -0.004 -21"><span class='ocrx_word' id='word_1_215' title='bbox 119 3494 275 3560; x_wconf 89' lang='lat' dir='ltr'><strong>Pontifici</strong></span> <span class='ocrx_word' id='word_1_216' title='bbox 301 3497 522 3580; x_wconf 89' lang='lat' dir='ltr'><strong>quadraginta</strong></span> <span class='ocrx_word' id='word_1_217' title='bbox 546 3499 650 3564; x_wconf 90' lang='lat' dir='ltr'><strong>millia</strong></span> <span class='ocrx_word' id='word_1_218' title='bbox 676 3506 875 3566; x_wconf 89' lang='lat' dir='ltr'><strong>armatorum</strong></span> <span class='ocrx_word' id='word_1_219' title='bbox 899 3505 932 3562; x_wconf 91' lang='lat' dir='ltr'><strong>et</strong></span> <span class='ocrx_word' id='word_1_220' title='bbox 956 3503 1024 3562; x_wconf 89' lang='lat' dir='ltr'><strong>ect:</strong></span> <span class='ocrx_word' id='word_1_221' title='bbox 1039 3515 1110 3559; x_wconf 89' lang='lat' dir='ltr'><strong>nos</strong></span> <span class='ocrx_word' id='word_1_222' title='bbox 1135 3497 1244 3558; x_wconf 91' lang='lat' dir='ltr'><strong>autem</strong></span> 
     </span>
    </p>
   </div>
   <div class='ocr_carea' id='block_1_14' title="bbox 2 3601 1244 3907">
    <p class='ocr_par' dir='ltr' id='par_1_15' title="bbox 2 3601 1244 3907">
     <span class='ocr_line' id='line_1_30' title="bbox 2 3601 1244 3687; baseline -0.006 -19"><span class='ocrx_word' id='word_1_223' title='bbox 2 3664 3 3678; x_wconf 65' lang='grc'>,</span> <span class='ocrx_word' id='word_1_224' title='bbox 116 3601 158 3667; x_wconf 86' lang='lat' dir='ltr'><strong>ad</strong></span> <span class='ocrx_word' id='word_1_225' title='bbox 185 3624 233 3684; x_wconf 92' lang='lat' dir='ltr'><strong>ea,</strong></span> <span class='ocrx_word' id='word_1_226' title='bbox 259 3625 322 3687; x_wconf 90' lang='lat' dir='ltr'><strong>que</strong></span> <span class='ocrx_word' id='word_1_227' title='bbox 342 3605 414 3687; x_wconf 89' lang='lat' dir='ltr'><strong>ipsa</strong></span> <span class='ocrx_word' id='word_1_228' title='bbox 429 3605 510 3671; x_wconf 86' lang='lat' dir='ltr'><strong>Rev.</strong></span> <span class='ocrx_word' id='word_1_229' title='bbox 526 3603 716 3674; x_wconf 88' lang='lat' dir='ltr'><strong>Paternitas</strong></span> <span class='ocrx_word' id='word_1_230' title='bbox 737 3606 852 3678; x_wconf 88' lang='lat' dir='ltr'><strong>Vestra</strong></span> <span class='ocrx_word' id='word_1_231' title='bbox 868 3627 888 3671; x_wconf 94' lang='lat' dir='ltr'><strong>a</strong></span> <span class='ocrx_word' id='word_1_232' title='bbox 903 3605 997 3670; x_wconf 91' lang='lat' dir='ltr'><strong>nobis</strong></span> <span class='ocrx_word' id='word_1_233' title='bbox 1013 3603 1053 3668; x_wconf 89' lang='lat' dir='ltr'><strong>de</strong></span> <span class='ocrx_word' id='word_1_234' title='bbox 1079 3605 1186 3666; x_wconf 89' lang='lat' dir='ltr'><strong>mente</strong></span> <span class='ocrx_word' id='word_1_235' title='bbox 1211 3604 1244 3662; x_wconf 93' lang='lat' dir='ltr'><strong>et</strong></span> 
     </span>
     <span class='ocr_line' id='line_1_31' title="bbox 2 3706 1242 3802; baseline -0.007 -24"><span class='ocrx_word' id='word_1_236' title='bbox 2 3788 6 3802; x_wconf 82' lang='lat'>.</span> <span class='ocrx_word' id='word_1_237' title='bbox 116 3711 294 3776; x_wconf 89' lang='lat' dir='ltr'><strong>intentione</strong></span> <span class='ocrx_word' id='word_1_238' title='bbox 329 3718 443 3787; x_wconf 89' lang='lat' dir='ltr'><strong>nostra</strong></span> <span class='ocrx_word' id='word_1_239' title='bbox 478 3713 657 3798; x_wconf 88' lang='lat' dir='ltr'><strong>intelligere</strong></span> <span class='ocrx_word' id='word_1_240' title='bbox 693 3716 845 3798; x_wconf 89' lang='lat' dir='ltr'><strong>petebat,</strong></span> <span class='ocrx_word' id='word_1_241' title='bbox 877 3712 1123 3798; x_wconf 85' lang='lat' dir='ltr'><strong>respondimus,</strong></span> <span class='ocrx_word' id='word_1_242' title='bbox 1155 3706 1242 3791; x_wconf 90' lang='lat' dir='ltr'><strong>quod</strong></span> 
     </span>
     <span class='ocr_line' id='line_1_32' title="bbox 2 3807 1242 3907; baseline -0.006 -23"><span class='ocrx_word' id='word_1_243' title='bbox 2 3807 7 3827; x_wconf 56' lang='lat'>&#39;</span> <span class='ocrx_word' id='word_1_244' title='bbox 117 3820 294 3884; x_wconf 83' lang='lat' dir='ltr'><strong>existentes</strong></span> <span class='ocrx_word' id='word_1_245' title='bbox 309 3821 396 3886; x_wconf 91' lang='lat' dir='ltr'><strong>illius</strong></span> <span class='ocrx_word' id='word_1_246' title='bbox 413 3824 639 3906; x_wconf 89' lang='lat' dir='ltr'><strong>antiquissime</strong></span> <span class='ocrx_word' id='word_1_247' title='bbox 659 3825 819 3890; x_wconf 87' lang='lat' dir='ltr'><strong>sententie</strong></span> <span class='ocrx_word' id='word_1_248' title='bbox 844 3830 877 3890; x_wconf 92' lang='lat' dir='ltr'><strong>et</strong></span> <span class='ocrx_word' id='word_1_249' title='bbox 894 3821 1125 3907; x_wconf 88' lang='lat' dir='ltr'><strong>dispositionis,</strong></span> <span class='ocrx_word' id='word_1_250' title='bbox 1141 3835 1203 3898; x_wconf 91' lang='lat' dir='ltr'><strong>que</strong></span> <span class='ocrx_word' id='word_1_251' title='bbox 1223 3835 1242 3878; x_wconf 89' lang='lat' dir='ltr'><strong>a</strong></span> 
     </span>
    </p>
   </div>
   <div class='ocr_carea' id='block_1_15' title="bbox 116 3926 1243 4229">
    <p class='ocr_par' dir='ltr' id='par_1_16' title="bbox 116 3926 1243 4229">
     <span class='ocr_line' id='line_1_33' title="bbox 116 3926 1240 4012; baseline -0.01 -18"><span class='ocrx_word' id='word_1_252' title='bbox 116 3926 268 4010; x_wconf 88' lang='lat' dir='ltr'><strong>patribus</strong></span> <span class='ocrx_word' id='word_1_253' title='bbox 285 3935 317 3992; x_wconf 90' lang='lat' dir='ltr'><strong>et</strong></span> <span class='ocrx_word' id='word_1_254' title='bbox 333 3929 512 4012; x_wconf 79' lang='lat' dir='ltr'><strong>majoribus</strong></span> <span class='ocrx_word' id='word_1_255' title='bbox 529 3931 653 3995; x_wconf 92' lang='lat' dir='ltr'><strong>nostris</strong></span> <span class='ocrx_word' id='word_1_256' title='bbox 671 3931 906 3995; x_wconf 89' lang='lat' dir='ltr'><strong>hereditarium</strong></span> <span class='ocrx_word' id='word_1_257' title='bbox 932 3927 1099 4010; x_wconf 91' lang='lat' dir='ltr'><strong>quoddam</strong></span> <span class='ocrx_word' id='word_1_258' title='bbox 1124 3942 1240 3987; x_wconf 90' lang='lat' dir='ltr'><strong>munus</strong></span> 
     </span>
     <span class='ocr_line' id='line_1_34' title="bbox 116 4029 1243 4122; baseline -0.006 -24"><span class='ocrx_word' id='word_1_259' title='bbox 116 4053 175 4116; x_wconf 91' lang='lat' dir='ltr'><strong>pro</strong></span> <span class='ocrx_word' id='word_1_260' title='bbox 190 4034 314 4099; x_wconf 91' lang='lat' dir='ltr'><strong>honore</strong></span> <span class='ocrx_word' id='word_1_261' title='bbox 331 4041 364 4099; x_wconf 90' lang='lat' dir='ltr'><strong>et</strong></span> <span class='ocrx_word' id='word_1_262' title='bbox 381 4036 594 4120; x_wconf 89' lang='lat' dir='ltr'><strong>amplitudine</strong></span> <span class='ocrx_word' id='word_1_263' title='bbox 605 4038 782 4104; x_wconf 89' lang='lat' dir='ltr'><strong>christiane</strong></span> <span class='ocrx_word' id='word_1_264' title='bbox 798 4037 967 4122; x_wconf 88' lang='lat' dir='ltr'><strong>religionis</strong></span> <span class='ocrx_word' id='word_1_265' title='bbox 984 4034 1077 4100; x_wconf 88' lang='lat' dir='ltr'><strong>nobis</strong></span> <span class='ocrx_word' id='word_1_266' title='bbox 1093 4029 1243 4096; x_wconf 88' lang='lat' dir='ltr'><strong>relictum</strong></span> 
     </span>
     <span class='ocr_line' id='line_1_35' title="bbox 117 4143 1243 4229; baseline -0.008 -23"><span class='ocrx_word' id='word_1_267' title='bbox 117 4148 196 4224; x_wconf 91' lang='lat' dir='ltr'><strong>erat,</strong></span> <span class='ocrx_word' id='word_1_268' title='bbox 214 4143 417 4208; x_wconf 85' lang='lat' dir='ltr'><strong>moventibus</strong></span> <span class='ocrx_word' id='word_1_269' title='bbox 435 4166 467 4208; x_wconf 92' lang='lat' dir='ltr'><strong>se</strong></span> <span class='ocrx_word' id='word_1_270' title='bbox 484 4145 559 4228; x_wconf 87' lang='lat' dir='ltr'><strong>alijs</strong></span> <span class='ocrx_word' id='word_1_271' title='bbox 585 4145 772 4211; x_wconf 89' lang='lat' dir='ltr'><strong>christianis</strong></span> <span class='ocrx_word' id='word_1_272' title='bbox 797 4145 963 4229; x_wconf 87' lang='lat' dir='ltr'><strong>potentijs,</strong></span> <span class='ocrx_word' id='word_1_273' title='bbox 990 4149 1021 4207; x_wconf 93' lang='lat' dir='ltr'><strong>et</strong></span> <span class='ocrx_word' id='word_1_274' title='bbox 1046 4160 1105 4225; x_wconf 91' lang='lat' dir='ltr'><strong>pro</strong></span> <span class='ocrx_word' id='word_1_275' title='bbox 1131 4155 1243 4202; x_wconf 91' lang='lat' dir='ltr'><strong>eorum</strong></span> 
     </span>
    </p>
   </div>
   <div class='ocr_carea' id='block_1_16' title="bbox 2 4245 1244 4335">
    <p class='ocr_par' dir='ltr' id='par_1_17' title="bbox 2 4245 1244 4335">
     <span class='ocr_line' id='line_1_36' title="bbox 2 4245 1244 4335; baseline 0 -21"><span class='ocrx_word' id='word_1_276' title='bbox 2 4290 3 4306; x_wconf 56' lang='lat' dir='ltr'><strong>i</strong></span> <span class='ocrx_word' id='word_1_277' title='bbox 117 4250 241 4316; x_wconf 86' lang='lat' dir='ltr'><strong>viribus</strong></span> <span class='ocrx_word' id='word_1_278' title='bbox 266 4251 528 4317; x_wconf 89' lang='lat' dir='ltr'><strong>incumbentibus</strong></span> <span class='ocrx_word' id='word_1_279' title='bbox 555 4274 614 4318; x_wconf 89' lang='lat' dir='ltr'><strong>nos</strong></span> <span class='ocrx_word' id='word_1_280' title='bbox 640 4273 769 4335; x_wconf 92' lang='lat' dir='ltr'><strong>quoque</strong></span> <span class='ocrx_word' id='word_1_281' title='bbox 795 4252 883 4318; x_wconf 87' lang='lat' dir='ltr'><strong>illius</strong></span> <span class='ocrx_word' id='word_1_282' title='bbox 900 4251 1043 4335; x_wconf 85' lang='lat' dir='ltr'><strong>perfecte</strong></span> <span class='ocrx_word' id='word_1_283' title='bbox 1058 4245 1186 4325; x_wconf 84' lang='lat' dir='ltr'><strong>ment-is,</strong></span> <span class='ocrx_word' id='word_1_284' title='bbox 1211 4255 1244 4313; x_wconf 88' lang='lat' dir='ltr'><strong>et</strong></span> 
     </span>
    </p>
   </div>
   <div class='ocr_carea' id='block_1_17' title="bbox 0 3830 2 4576">
    <p class='ocr_par' dir='ltr' id='par_1_18' title="bbox 0 3830 2 4576">
     <span class='ocr_line' id='line_1_37' title="bbox 0 3830 2 4576; baseline 0 0"><span class='ocrx_word' id='word_1_285' title='bbox 0 3830 2 4576; x_wconf 95' lang='lat' dir='ltr'><strong> </strong></span> 
     </span>
    </p>
   </div>
   <div class='ocr_carea' id='block_1_18' title="bbox 119 4357 1243 4552">
    <p class='ocr_par' dir='ltr' id='par_1_19' title="bbox 119 4357 1243 4552">
     <span class='ocr_line' id='line_1_38' title="bbox 119 4357 1243 4462; baseline 0 -39"><span class='ocrx_word' id='word_1_286' title='bbox 119 4357 263 4423; x_wconf 84' lang='lat' dir='ltr'><strong>ardentis</strong></span> <span class='ocrx_word' id='word_1_287' title='bbox 274 4360 372 4424; x_wconf 89' lang='lat' dir='ltr'><strong>animi</strong></span> <span class='ocrx_word' id='word_1_288' title='bbox 389 4381 459 4425; x_wconf 87' lang='lat' dir='ltr'><strong>esse</strong></span> <span class='ocrx_word' id='word_1_289' title='bbox 477 4359 682 4444; x_wconf 89' lang='lat' dir='ltr'><strong>reperiemur,</strong></span> <span class='ocrx_word' id='word_1_290' title='bbox 700 4362 790 4445; x_wconf 82' lang='lat' dir='ltr'><strong>cujus</strong></span> <span class='ocrx_word' id='word_1_291' title='bbox 808 4381 934 4462; x_wconf 83' lang='lat' dir='ltr'><strong>semper</strong></span> <span class='ocrx_word' id='word_1_292' title='bbox 948 4361 1067 4427; x_wconf 90' lang='lat' dir='ltr'><strong>fuimns</strong></span> <span class='ocrx_word' id='word_1_293' title='bbox 1083 4375 1141 4437; x_wconf 87' lang='lat' dir='ltr'><strong>per</strong></span> <span class='ocrx_word' id='word_1_294' title='bbox 1157 4359 1243 4442; x_wconf 91' lang='lat' dir='ltr'><strong>elap-</strong></span> 
     </span>
     <span class='ocr_line' id='line_1_39' title="bbox 119 4467 1243 4552; baseline -0.002 -20"><span class='ocrx_word' id='word_1_295' title='bbox 119 4489 187 4532; x_wconf 91' lang='lat' dir='ltr'><strong>sum</strong></span> <span class='ocrx_word' id='word_1_296' title='bbox 200 4493 207 4549; x_wconf 78' lang='lat'><em>3</em></span> <span class='ocrx_word' id='word_1_297' title='bbox 223 4470 506 4552; x_wconf 89' lang='lat' dir='ltr'><strong>impresentiarum</strong></span> <span class='ocrx_word' id='word_1_298' title='bbox 517 4492 591 4535; x_wconf 91' lang='lat' dir='ltr'><strong>vero</strong></span> <span class='ocrx_word' id='word_1_299' title='bbox 603 4492 666 4536; x_wconf 89' lang='lat' dir='ltr'><strong>non</strong></span> <span class='ocrx_word' id='word_1_300' title='bbox 677 4470 829 4552; x_wconf 83' lang='lat' dir='ltr'><strong>videmus,</strong></span> <span class='ocrx_word' id='word_1_301' title='bbox 841 4471 922 4535; x_wconf 89' lang='lat' dir='ltr'><strong>sicut</strong></span> <span class='ocrx_word' id='word_1_302' title='bbox 934 4472 1032 4534; x_wconf 91' lang='lat' dir='ltr'><strong>etiam</strong></span> <span class='ocrx_word' id='word_1_303' title='bbox 1043 4468 1121 4532; x_wconf 89' lang='lat' dir='ltr'><strong>Rev.</strong></span> <span class='ocrx_word' id='word_1_304' title='bbox 1133 4467 1243 4530; x_wconf 89' lang='lat' dir='ltr'><strong>Domi-</strong></span> 
     </span>
    </p>
   </div>
   <div class='ocr_carea' id='block_1_19' title="bbox 13 4575 1242 4662">
    <p class='ocr_par' dir='ltr' id='par_1_20' title="bbox 13 4575 1242 4662">
     <span class='ocr_line' id='line_1_40' title="bbox 13 4575 1242 4662; baseline 0.006 -25"><span class='ocrx_word' id='word_1_305' title='bbox 13 4600 18 4608; x_wconf 66' lang='grc'>’</span> <span class='ocrx_word' id='word_1_306' title='bbox 121 4576 209 4641; x_wconf 72' lang='lat' dir='ltr'><strong>aratio</strong></span> <span class='ocrx_word' id='word_1_307' title='bbox 228 4575 350 4644; x_wconf 85' lang='lat' dir='ltr'><strong>Vestra</strong></span> <span class='ocrx_word' id='word_1_308' title='bbox 368 4577 490 4657; x_wconf 85' lang='lat' dir='ltr'><strong>scribit,</strong></span> <span class='ocrx_word' id='word_1_309' title='bbox 517 4578 602 4661; x_wconf 89' lang='lat' dir='ltr'><strong>quod</strong></span> <span class='ocrx_word' id='word_1_310' title='bbox 620 4579 738 4662; x_wconf 89' lang='lat' dir='ltr'><strong>aliquis</strong></span> <span class='ocrx_word' id='word_1_311' title='bbox 755 4585 811 4642; x_wconf 91' lang='lat' dir='ltr'><strong>aut</strong></span> <span class='ocrx_word' id='word_1_312' title='bbox 828 4599 860 4641; x_wconf 90' lang='lat' dir='ltr'><strong>se</strong></span> <span class='ocrx_word' id='word_1_313' title='bbox 877 4578 1021 4660; x_wconf 87' lang='lat' dir='ltr'><strong>moverit,</strong></span> <span class='ocrx_word' id='word_1_314' title='bbox 1047 4575 1164 4644; x_wconf 84' lang='lat' dir='ltr'><strong>autad</strong></span> <span class='ocrx_word' id='word_1_315' title='bbox 1182 4579 1242 4644; x_wconf 85' lang='lat' dir='ltr'><strong>iter</strong></span> 
     </span>
    </p>
   </div>
   <div class='ocr_carea' id='block_1_20' title="bbox 0 0 1639 5308">
    <p class='ocr_par' dir='ltr' id='par_1_21' title="bbox 0 0 1639 5308">
     <span class='ocr_line' id='line_1_41' title="bbox 0 0 1639 5308; baseline 0 0"><span class='ocrx_word' id='word_1_316' title='bbox 0 0 1639 5308; x_wconf 95' lang='lat' dir='ltr'><strong> </strong></span> 
     </span>
    </p>
   </div>
  </div>
 </body>
</html>
