3256 5304
383 331 454 390 218,
737 343 969 386 nrrnousczrnr
985 332 1152 388 1111111.

380 505 535 588 auspicia,
560 507 701 567 vestram
726 504 955 568 auctoritatem
972 505 1144 585 sequimur,
1171 501 1394 567 exercebimus
1413 501 1503 578 vires,

381 633 577 695 exponemus
593 632 685 694 opcs;
702 613 851 694 sanguini
868 618 901 676 et
916 614 980 677 vite
997 614 1070 696 ipsi,
1086 615 1113 677 si
1130 633 1211 695 opus
1222 610 1330 691 fuerit,
1346 610 1503 694 majorum

381 727 566 785 nostrorum
576 725 748 802 sequentes
757 717 1063 802 vestigia,dignitati
1073 724 1106 784 11
1115 719 1217 785 debiti
1227 741 1292 783 non
1302 719 1504 782 immemores

381 828 493 906 nostri,
508 848 749 910 nequamquam
765 847 945 909 parcemus,
969 848 1029 910 pro
1045 827 1109 892 Dei
1126 823 1369 909 Omnipotentis
1385 825 1503 890 honore

383 941 416 1000 et
431 934 538 1016 laude,
554 941 587 1000 et
603 936 805 1002 sanctissime
820 933 896 1000 fidei
912 935 1107 1001 defensione.

488 1043 650 1126 Departe
733 1081 777 1092 -
824 1083 867 1092 -
917 1048 989 1110 151.

488 1149 541 1214 De
557 1171 621 1214 non
734 1189 777 1198 -
825 1191 864 1198 -
961 1158 989 1218 2.

488 1260 565 1325 Nou
580 1259 696 1324 sinceri
735 1297 776 1307 —-
826 1297 867 1306 -
958 1263 988 1324 4.

489 1422 645 1484 (Velenczei
659 1423 838 1488 allamkdnyv
853 1427 910 1475 159.
925 1424 954 1484 l.)

864 1640 1024 1650 -—--·-—----

385 2035 479 2100 1463.
506 2033 536 2098 A
556 2034 707 2098 celcrreaei
723 2034 943 2099 allamrandcs
960 2035 1053 2098 111111
1068 2035 1177 2099 romei
1192 2037 1352 2100 lcdvetc'bcz
1370 2061 1392 2100 o
1408 2037 1510 2100 tdro'lc·

471 2144 531 2206 cele
543 2143 753 2208 Boszoidboo
769 2155 822 2208 1111
837 2143 1035 2222 drildaoiro'l,
1052 2145 1084 2207 ts
1100 2145 1203 2230 scgc'ly
1218 2145 1421 2230 sltrgelc'srdl.
1617 2143 1618 2150 '

381 2337 673 2407 MOOOOLXHI.
690 2340 743 2405 die
759 2337 884 2404 ΧΙΠΙ.
899 2338 924 2404 J
926 2341 1003 2406 unii.

490 2443 627 2514 Oratcri
644 2454 755 2514 nostro
773 2449 815 2514 ad
832 2447 1000 2515 Summum
1016 2448 1219 2515 Pontificem.
1617 2533 1618 2544 ἵ

489 2553 718 2638 Superioribus
734 2558 853 2622 litteris
869 2557 1016 2641 proxime
1033 2557 1148 2626 advos
1171 2556 1302 2640 seriptis
1327 2556 1509 2639 intelligere
1564 2625 1570 2634 Ι

380 2662 537 2744 potuistis
552 2663 693 2730 infelicia
709 2687 802 2746 nova,
819 2688 881 2749 que
898 2666 937 2730 de
954 2665 1170 2750 perfidissimo
1195 2664 1290 2730 hoste
1307 2664 1416 2730 Timeo
1432 2663 1511 2728 mul·
1615 2753 1618 2764 ⁴

380 2770 424 2834 tis
441 2770 547 2836 modis
564 2772 666 2840 allata
683 2779 766 2855 sunt,
783 2796 841 2857 per
858 2775 948 2858 cujus
964 2775 1145 2857 ingressum
1161 2774 1195 2838 iu
1210 2775 1387 2840 Bossinam
1403 2794 1511 2838 omnes
1617 2769 1618 2822 ἶ

380 2877 447 2942 fere
464 2885 576 2962 partes
592 2881 668 2947 illas
685 2882 827 2947 dominio
845 2903 902 2947 suo
920 2881 1102 2965 subegerat,
1128 2881 1295 2948 reddimur
1311 2882 1400 2961 certi,
1428 2879 1512 2962 quod

382 2993 459 3051 ante
475 2989 535 3052 has
552 2990 743 3073 acceperitis
759 2977 1041 3071 litterasnostras,
1058 2996 1091 3055 11
1108 3011 1147 3054 11
1163 2990 1279 3071 omnia,
1300 2995 1338 3054 ut
1350 2989 1513 3074 jussimus,
1617 2975 1618 3036 3

381 3099 414 3158 et
430 3113 491 3176 par
507 3102 565 3176 est,
581 3096 731 3164 Romano
748 3098 900 3165 Pontifici
916 3103 996 3165 nota
1011 3099 1168 3180 feceritis;
1184 3105 1300 3182 postea
1315 3098 1428 3163 multis
1446 3118 1510 3162 mo·
1616 3123 1618 3172 ῑ

380 3202 441 3282 dis,
459 3203 621 3286 variisque
638 3205 848 3271 scribentium
872 3207 992 3272 litteris
1019 3209 1173 3273 certiores
1199 3206 1279 3271 facti
1304 3227 1425 3288 sumus,
1449 3227 1513 3270 non
1616 3193 1618 3246 l

381 3310 485 3376 solum
501 3308 652 3394 Regnum
668 3313 809 3378 Bossine
834 3336 893 3399 per
918 3316 1004 3381 hunc
1029 3316 1232 3382 sevissimum
1257 3315 1363 3382 crucis
1390 3315 1514 3380 hostem

381 3425 576 3502 occupatum
590 3418 710 3502 fuisse,
739 3425 968 3489 verumetiam
993 3425 1095 3507 ipsius
1120 3425 1213 3508 regni
1229 3423 1356 3506 Regem
1382 3429 1514 3505 captum
1617 3509 1618 3514 ἵ

381 3533 414 3591 11
428 3527 462 3590 in
478 3527 697 3595 miserabilem
715 3531 920 3598 Turchorum
936 3534 1123 3598 servitutem
1139 3532 1317 3598 abductum
1332 3531 1441 3614 fuisse,
1467 3531 1515 3596 111
1617 3537 1618 3606 ξ

380 3640 418 3698 nt
434 3635 473 3700 de
490 3635 616 3722 Regno,
633 3639 673 3704 de
689 3639 793 3725 Rege,
812 3641 917 3726 deque
933 3649 985 3708 tot
1002 3641 1126 3708 Christi
1141 3640 1291 3708 fidelibus
1311 3643 1380 3727 jam
1407 3646 1515 3706 actum
1615 3641 1618 3712 A

381 3763 451 3808 esse
467 3744 674 3810 certissinum
690 3747 756 3813 dici
780 3755 898 3832 potest.
923 3749 991 3816 Res
1020 3751 1141 3834 quippe
1168 3750 1341 3832 horrenda,
1367 3757 1401 3814 et
1427 3749 1514 3814 omni
1616 3747 1618 3754 '

381 3853 664 3920 commiseratione
682 3855 883 3940 dignissima,
899 3858 1123 3942 frequentibus
1144 3881 1272 3944 quoque
1298 3859 1417 3925 litteris
1435 3880 1514 3923 nun,

380 3959 496 4026 tiatum
512 3967 562 4026 est
577 3962 680 4044 uobis,
697 3964 891 4031 accerrimos
917 3965 1027 4032 hostes
1051 3968 1133 4033 istos
1158 3988 1218 4050 pro
1244 3988 1304 4032 sua
1328 3967 1516 4034 insaciabili
1617 3997 1618 4006 ¹

383 4067 519 4134 libidine
545 4071 699 4137 domandi
724 4079 914 4156 penetrasse
930 4074 963 4137 in
991 4080 1102 4159 partes
1120 4074 1277 4141 Corbavie
1303 4081 1335 4142 11
1360 4099 1419 4160 per
1444 4076 1517 4142 1111

381 4177 482 4242 etiam
508 4175 671 4244 Comitum
697 4181 812 4265 Segne,
849 4187 985 4264 strages
1011 4183 1155 4266 rapinas
1181 4163 1287 4248 cedes¹
1303 4190 1336 4249 11
1360 4185 1513 4250 incendia

380 4285 523 4368 plurima
550 4289 756 4353 commisisse.
774 4288 846 4373 Quo
863 4292 971 4356 onmia
987 4296 1144 4374 quantum
1161 4291 1424 4374 magnifacienda
1440 4295 1513 4374 sint,

381 4400 539 4477 quantum
557 4395 733 4462 christiane
749 4398 848 4462 saluti
864 4398 1056 4480 conducant,
1082 4400 1163 4483 quid
1187 4400 1277 4466 ultra
1301 4401 1515 4467 insolentissi-
1617 4453 1618 4480 2

381 4522 452 4567 mus
468 4503 570 4568 hostis
587 4502 685 4570 facile
702 4505 763 4569 sibi
779 4506 949 4590 spondeat,
959 4501 1018 4589 pio
1034 4508 1261 4592 magnitudine
1277 4529 1395 4592 rerum,
1405 4515 1514 4598 tacen-
1615 4535 1618 4546 ⁴
