3268 5308
609 366 703 433 1461.
1185 375 1226 434 83

100 541 208 623 citum,
222 540 312 624 ipsas
321 542 449 609 litteras
461 541 641 610 Serenitati
651 542 716 609 Sue
727 546 941 628 presentabis.
958 545 1136 613 Scribimus
1148 569 1227 632 quo-

99 670 159 732 que
175 647 342 731 Magnifici
359 649 509 716 Dominis
525 648 693 717 Raiualdo
719 658 752 717 et
776 651 801 716 J
802 653 899 718 oanni
915 651 1063 722 Vairode
1080 655 1226 721 Transii·

99 779 180 822 vano
206 758 301 841 juxta
326 763 667 825 commemorationem
691 765 790 840 tuam,
816 781 897 842 quas
923 760 1054 828 litteras
1079 764 1228 829 similiter

97 866 164 929 suis
180 864 430 931 Illustritatibus
455 865 622 932 exhibebis
642 888 714 932 cum
739 867 804 932 illis
830 867 922 933 bonis
948 875 981 934 et
1007 871 1227 937 accomodatis

98 972 213 1054 verbis,
228 994 289 1056 que
307 973 501 1039 videbuntur
516 972 587 1038 tibi.

200 1082 425 1147 Intelleximus
441 1087 600 1165 preterea,
618 1088 775 1165 quantum
793 1084 953 1167 scripsisti
969 1086 1072 1166 nobis,
1083 1085 1225 1150 relatum

100 1189 158 1254 tibi
174 1188 274 1257 luisse
299 1211 357 1273 per
373 1189 467 1254 illum
482 1189 668 1274 Dominum,
679 1210 774 1275 quem
790 1211 854 1256 non
870 1190 994 1256 modice
1009 1193 1227 1276 reputationis

104 1319 169 1362 esse
185 1296 312 1378 scribis,
328 1298 361 1362 iu
379 1295 475 1363 lactis
492 1296 635 1377 Oroatie,
651 1297 800 1381 ponende
816 1298 850 1362 in
866 1297 1013 1365 manibus
1029 1299 1150 1364 nostris
1167 1320 1225 1382 per

101 1403 231 1489 aliquod
250 1404 370 1472 bonum
395 1406 537 1471 medium
564 1410 597 1470 et
623 1410 732 1470 cetera
757 1411 790 1470 et
816 1404 1048 1490 respondentes
1075 1405 1138 1472 tibi
1154 1427 1228 1471 cum

100 1519 209 1579 nostro
226 1511 374 1578 Consilio
390 1513 596 1596 Rogatorum
621 1512 774 1578 dicimus:
800 1513 889 1596 quod
905 1513 933 1577 si
948 1512 1145 1598 certificatus
1162 1515 1225 1580 eris

98 1621 193 1687 verba
219 1623 286 1686 ista
311 1621 507 1704 processisse
525 1621 564 1686 de
591 1621 674 1686 scitu
699 1626 733 1686 et
757 1627 864 1685 mente
882 1619 1089 1686 serenissimi
1115 1621 1227 1706 Regis,

99 1729 260 1812 quomodo
277 1729 304 1793 si
320 1727 418 1794 aliter
434 1732 531 1811 esset,
552 1727 642 1793 nullo
658 1729 754 1794 modo
770 1729 930 1810 volumus,
945 1749 1004 1793 nee
1019 1727 1226 1811 intendimus,

100 1843 134 1900 ut
148 1837 284 1902 verbum
301 1837 403 1902 ullum
420 1836 522 1903 facias
538 1837 578 1903 de
594 1857 630 1902 re
655 1839 727 1902 ista.
754 1835 910 1903 Contenti
926 1857 1035 1902 sumus
1060 1843 1094 1902 et
1117 1837 1226 1920 placet

100 1945 198 2027 nobis,
215 1945 305 2031 quod
322 1951 453 2030 captato
469 1953 616 2029 tempore
643 1950 763 2013 secrete
779 1950 811 2010 te
828 1945 972 2028 reperias
998 1966 1068 2012 curn
1098 1943 1226 2026 prefato

102 2050 248 2135 Domino,
267 2053 404 2120 dicendo
423 2053 494 2134 sibi,
510 2051 597 2137 quod
612 2075 652 2119 ex
668 2051 773 2119 officio
795 2058 828 2116 et
845 2050 954 2118 debito
970 2057 1027 2117 tuo
1053 2050 1147 2116 nobis
1172 2073 1227 2116 no·

101 2161 204 2226 tisiam
213 2159 384 2227 tradidisti
401 2162 440 2227 de
452 2168 574 2244 quanto
592 2159 660 2227 Sua
674 2159 928 2244 Magnificencia
943 2158 1004 2224 tibi
1020 2157 1103 2223 dixit
1113 2159 1148 2223 in
1162 2158 1227 2223 ista

101 2269 242 2352 materia,
274 2269 424 2354 quodque
450 2268 595 2334 habuisti
620 2288 809 2352 responsum
836 2289 857 2332 a
882 2264 985 2348 nobie,
1011 2265 1098 2348 quod
1115 2285 1225 2348 regra-

102 2376 172 2441 tiari
183 2375 548 2444 debeasDominacioni
560 2374 633 2459 Sue,
645 2376 685 2441 de
696 2379 820 2459 quanto
831 2373 892 2439 tibi
903 2373 1081 2458 proposuit,
1092 2373 1226 2438 erimus-

7 2497 8 2542 ῑ
104 2506 159 2566 que
174 2486 330 2566 contenti,
346 2487 374 2551 si
389 2486 438 2551 ita
454 2485 596 2568 placebit
612 2484 682 2565 sibi,
697 2483 928 2567 particularius
937 2482 1121 2564 intelligere
1137 2501 1226 2544 men·

7 2619 8 2638 ³
104 2597 164 2656 tem
187 2615 284 2660 suam
308 2593 395 2660 circa
420 2615 488 2658 rem
514 2595 622 2673 istam,
648 2592 744 2658 etde
770 2597 893 2674 quanto
920 2588 1066 2669 habebis,
1098 2587 1227 2653 curabis

8 2691 9 2694 '
107 2719 159 2764 nos
175 2702 419 2785 quamprimum
433 2699 554 2765 litteris
570 2700 636 2765 tuis
654 2699 810 2764 certiores
829 2695 967 2763 efficere.

302 2811 365 2872 137
412 2844 455 2855 —
504 2811 520 2872 1
573 2848 608 2856 -
661 2811 688 2870 l.

204 2810 381 3000 lheplioate
397 2915 450 2981 die
467 2912 664 2982 XXVIIII.
682 2910 905 2997 suprascripti.

210 3077 371 3140 (Velenczei
386 3079 566 3142 allamkiinyv
581 3079 622 3128 39.
635 3077 665 3138 l.)

586 3253 745 3264 m...-

639 3438 691 3502 55.

10 3611 12 3620 ’
109 3602 194 3667 1461.
220 3602 251 3668 Α
279 3603 430 3667 celeuczci
454 3601 668 3665 dllomtcncies
692 3599 883 3661 hardrozutu
911 3595 1043 3681 Mdtyu'a
1059 3595 1230 3679 birdlyhoz

165 3711 230 3775 Poll
246 3710 493 3793 horudtorszdpi
512 3708 574 3771 bein
594 3707 682 3770 ludat
701 3704 867 3768 iate'zendb'
885 3704 960 3768 level
980 3703 1170 3787 luiryycibun.

11 3807 13 3870 i
110 3849 356 3918 uroooouxr.
373 3850 425 3915 ue
445 3849 550 3917 xm.
569 3845 699 3931 Marcu.

212 3959 427 4027 Sereuissimo
443 3956 583 4022 Domino
601 3953 686 4038 Regi
701 3951 881 4033 Hungarie.

111 4063 276 4150 salientes
292 4065 428 4151 OOUSflij
448 4070 480 4130 eh
580 4081 766 4147 Habuimus
796 4076 971 4141 novissime
1006 4073 1134 4138 litteras
1159 4069 1231 4136 Οἰτ-

197 4199 211 4235 '
307 4183 331 4242 h·
346 4175 367 4240 f·
535 4189 711 4273 cumspecti
729 4183 904 4268 Secretarij
916 4183 1019 4248 nostri
1035 4180 1131 4245 Petri
1147 4177 1231 4244 rho-

112 4264 261 4275 ιἣ...-

12 4337 14 4350 ·
113 4301 211 4384 masij,
224 4301 295 4384 J'am
311 4299 440 4384 pridem
465 4298 555 4364 missi
575 4319 633 4381 per
649 4316 708 4361 nos
725 4293 767 4360 ad
783 4290 937 4360 Vestram
952 4288 1094 4372 Regiam
1109 4287 1232 4370 Majes·

112 4409 216 4489 tatem,
251 4408 444 4472 nunciantes
477 4404 581 4487 nobis,
616 4406 741 4487 quanta
771 4399 976 4464 humanitate
1009 4419 1080 4462 oum
1111 4395 1233 4459 intuitu

113 4520 218 4580 nostro
249 4514 415 4580 Serenitas
431 4511 553 4581 Vestra
577 4511 705 4589 viderit,
731 4507 983 4590 susceperimus,
1010 4505 1235 4587 acquantum

1092 4613 1123 4663 6*
