3268 5308
655 790 726 850 115.

8 935 14 941 ¹
129 945 218 1011 1462.
236 941 429 1008 Avelaaczei
444 945 663 1012 alternanda
683 951 813 1015 ratanza
831 949 984 1017 Thamari
1000 954 1104 1042 Irdvete
1120 957 1252 1036 riszam,

1 1085 2 1089 ,
123 1075 143 1116 1
153 1053 307 1137 Harpoay
316 1050 473 1119 Jaaossal
490 1055 635 1140 tdrpyalt
651 1065 715 1143 dpy
731 1059 764 1121 da
780 1084 800 1122 α
813 1060 1077 1145 rdraqipa'pdboz
1088 1062 1253 1128 ksrlctmdo'

368 1167 637 1250 mapparorsadqi
654 1165 796 1252 booetsdp
812 1169 1017 1253 rarppaban„

123 1354 394 1439 Mocccnxss.
412 1358 464 1422 die
480 1357 622 1427 XXXI.
639 1360 663 1425 J
665 1363 802 1445 anuarij.

230 1463 474 1550 Circumspectc
506 1464 606 1542 Petro
640 1467 823 1550 Thomasiq
856 1469 1042 1538 Secretario
1075 1478 1185 1537 nostro
1215 1472 1249 1536 in

122 1573 304 1656 Hungaria.

1 1678 3 1693 i
123 1683 298 1765 831)1θ11113
310 1679 448 1765 001181Ῑῇ
467 1679 507 1746 et.
612 1699 731 1765 Petra!
756 1702 820 1767 Per
835 1723 999 1768 cursorem
1021 1705 1120 1769 istum
1136 1704 1252 1769 binnas

205 1814 220 1848 »
314 1796 335 1854 1·
352 1789 372 1854 f·
502 1807 683 1890 plittcras
709 1815 783 1873 tuas
808 1811 991 1893 accepimus
1019 1811 1111 1876 datas
1135 1810 1202 1875 IX.
1220 1819 1252 1876 et

301 1881 498 1889 ---,,,ᾲ.-

40 1957 45 1960 -
122 1912 171 1979 X.
187 1915 356 1998 presentia
372 1938 412 1980 ex
429 1916 545 1999 quibus
562 1917 646 1982 inter
666 1924 774 1981 cetera
790 1920 944 1999 novimus,
960 1919 1039 2002 quid
1056 1919 1176 1984 dixerit
1192 1919 1253 1984 tibi

1 2063 5 2071 .
123 2021 168 2087 M.
180 2023 222 2088 D.
233 2023 379 2088 Joannes
397 2024 436 2088 de
453 2026 597 2107 Rozgon,
614 2024 702 2089 Baro
719 2023 900 2107 Huugarie,
917 2027 1004 2090 iilius
1020 2027 1254 2110 reputationis,

1 2150 3 2204 1
123 2153 220 2212 quam
232 2131 363 2212 scribis3
381 2132 459 2215 quid
469 2133 569 2197 etiam
582 2133 643 2198 sibi
653 2133 870 2216 responderis,
886 2134 1105 2199 intelleximus
1116 2135 1247 2216 optima,

1 2282 4 2344 ἰ
122 2240 451 2324 commendantesque
482 2241 689 2324 prudentiam
721 2248 823 2322 tuam,
856 2264 928 2306 eum
960 2248 1074 2306 nostro
1106 2241 1251 2307 Consilio
1358 2266 1363 2275 ·

124 2345 340 2430 Rogatorum,
366 2347 595 2430 respondemus
621 2348 691 2428 tibi,
718 2349 806 2431 quod
823 2355 871 2412 est
887 2354 996 2414 nostre
1012 2343 1201 2413 intentionis
1218 2355 1251 2413 et
1325 2351 1329 2354 ’

1 2459 2 2462 ’
124 2455 280 2534 volumus,
296 2462 332 2520 ut
349 2456 405 2527 des
423 2476 555 2538 operam
572 2456 756 2539 reperiendi
774 2464 806 2521 te
824 2478 896 2520 cum
912 2456 982 2538 ipso
998 2455 1044 2520 M.
1061 2455 1102 2520 D.
1113 2456 1254 2538 duanae,

1 2564 2 2598 ³
125 2561 263 2628 dicendo
281 2564 352 2645 sibi,
378 2564 467 2647 quod
482 2587 521 2628 ex
538 2563 644 2630 officio
662 2571 696 2629 et
711 2565 823 2630 debito
839 2565 873 2627 in
890 2586 948 2629 nos
963 2570 1028 2644 tuo,
1054 2563 1172 2628 dedisti
1200 2586 1254 2629 no-

1 2680 2 2766 1
125 2669 237 2734 ticiam
254 2675 366 2736 nostro
376 2669 531 2735 Dominio
549 2671 587 2735 de
604 2673 716 2754 verbis,
734 2671 849 2754 quibus
862 2671 1057 2755 jampridem
1067 2677 1174 2737 tecum
1186 2667 1253 2742 Sua

124 2776 170 2841 M.
196 2798 257 2842 usa
282 2785 341 2860 est,
366 2778 577 2861 tangentibus
603 2801 738 2860 regnum
763 2779 862 2860 illud;
887 2800 925 2843 ac
951 2783 1110 2860 quantum
1127 2778 1248 2855 svadet,

1 2879 2 2900 ¹
125 2889 160 2948 ut
186 2883 267 2949 Rev.
293 2882 482 2950 Cardinalis
508 2882 622 2950 Sancti
637 2882 760 2966 Angeli
777 2885 927 2950 mittatur
944 2884 1091 2966 Legatus
1108 2885 1141 2947 in
1158 2883 1252 2949 Hun-

120 2991 250 3074 gariam
277 3014 336 3075 pro
362 2991 518 3058 faciendis
547 2993 607 3074 his,
632 3015 694 3076 que
720 2993 753 3056 in
769 2993 889 3058 litteris
905 2992 983 3075 ipsis
1000 2991 1064 3055 tuis
1081 2998 1254 3070 caventur3

121 3099 182 3164 hos
199 3119 286 3180 vere,
303 3101 359 3182 qui
376 3099 602 3164 adcommoda
622 3099 712 3182 regni
729 3099 815 3163 illius
834 3098 953 3163 fuimus
965 3119 1091 3181 semper
1102 3102 1256 3164 etsumus

1 3271 2 3290 ξ
120 3203 241 3288 affecti,
258 3228 331 3272 oum
348 3206 527 3272 habeamus
545 3207 632 3289 apud
650 3206 842 3272 Pontificem
858 3206 1042 3272 Maximum
1057 3227 1156 3269 unum
1175 3205 1255 3272 Ora·
1338 3209 1341 3214 ’

121 3319 229 3379 torem
256 3321 412 3398 nostrum,
438 3316 625 3398 scripsimus
652 3315 890 3397 quamprimum
907 3313 947 3378 de
963 3335 998 3378 re
1016 3313 1088 3394 ista,
1115 3334 1154 3377 ac
1169 3313 1255 3377 misi-

1 3460 2 3489 i
122 3443 195 3486 mus
222 3424 252 3486 ei
277 3422 459 3505 exemplum
484 3423 669 3487 litterarum
685 3429 824 3499 tuarum,
845 3421 1065 3504 jussimusque
1082 3417 1257 3483 efficaciter

121 3529 186 3611 ipsi
204 3529 341 3596 Oratcri
359 3531 446 3611 quod
461 3535 529 3593 tarn
547 3530 634 3612 apud
653 3527 684 3593 S.
701 3527 903 3610 Pontificem,
920 3548 1018 3608 quam
1035 3524 1122 3608 apud
1138 3524 1180 3590 R.
1191 3523 1258 3590 Do·

8 3657 12 3662 ·
122 3636 229 3700 minos
257 3633 451 3701 Cardinales
476 3637 649 3719 deputatos
675 3635 717 3700 ad
745 3636 882 3718 negocia
908 3635 1098 3713 Taraciam,
1127 3653 1254 3696 omnem

17 3733 19 3740 ¹
122 3743 317 3808 instantiam
343 3742 451 3808 facere
477 3743 605 3825 debeat,
630 3743 717 3825 quod
742 3741 829 3806 idem
845 3741 924 3806 Rev.
942 3738 1129 3805 Cardinalis
1146 3737 1258 3805 Sancti
1324 3783 1327 3788 -
1380 3729 1383 3736 ’

122 3850 248 3934 Angeli
265 3849 453 3934 designetur
464 3851 620 3935 Lagaina,
637 3851 877 3933 quamprimum
894 3848 936 3912 ad
951 3855 1062 3931 partes
1073 3847 1152 3913 istas
1163 3846 1257 3911 Hun-

122 3962 216 4044 garie
242 3959 457 4043 proiecturus,
483 3983 556 4025 cum
581 3960 646 4025 illis
662 3956 908 4043 provisionibus,
925 3979 987 4040 que
1004 3957 1156 4040 expedire
1172 3955 1258 4019 ride-

0 4076 1 4087 *
124 4075 224 4133 antur
250 4067 294 4132 ad
319 4069 485 4151 augendas
513 4071 597 4133 vires
623 4067 726 4151 Regia
743 4067 916 4150 Maiestati
933 4066 1115 4147 Hungarie‚
1141 4064 1258 4146 quibus

10 4207 17 4214 ·
124 4175 345 4243 mediantibus
372 4179 578 4260 magnanime
599 4175 775 4260 procedere
801 4174 905 4258 possit
930 4173 1085 4238 adversus
1101 4171 1258 4255 perfidum

1 4295 2 4330 1
125 4287 230 4350 crucis
253 4285 400 4366 hostem;
427 4307 660 4368 speramusque
677 4292 710 4350 et
726 4282 924 4361 confidimus,
941 4281 1028 4364 quod
1045 4281 1155 4346 Senot.
1174 4280 1258 4346 Pon-

0 4443 1 4488 }
124 4391 206 4456 tifex
232 4415 271 4458 ac
296 4393 576 4458 Reverendissimi
603 4391 794 4457 Oardinales
819 4387 965 4475 predicti,
991 4389 1037 4451 ita
1054 4409 1123 4453 cum
1142 4385 1259 4452 effectu

0 4561 1 4608 p
127 4498 360 4567 deliberabunt
375 4505 408 4564 et
424 4506 531 4584 agent.
