<?xml version="1.0" encoding="UTF-8"?>
<!DOCTYPE html PUBLIC "-//W3C//DTD XHTML 1.0 Transitional//EN"
    "http://www.w3.org/TR/xhtml1/DTD/xhtml1-transitional.dtd">
<html xmlns="http://www.w3.org/1999/xhtml" xml:lang="en" lang="en">
 <head>
  <title>
</title>
<meta http-equiv="Content-Type" content="text/html;charset=utf-8" />
  <meta name='ocr-system' content='tesseract 3.04.00' />
  <meta name='ocr-capabilities' content='ocr_page ocr_carea ocr_par ocr_line ocrx_word'/>
</head>
<body>
  <div class='ocr_page' id='page_1' title='image "./magyardiplomacz01mattgoog_0261.png"; bbox 0 0 3256 5304; ppageno 0'>
   <div class='ocr_carea' id='block_1_1' title="bbox 676 749 751 846">
    <p class='ocr_par' dir='ltr' id='par_1_1' title="bbox 676 749 751 846">
     <span class='ocr_line' id='line_1_1' title="bbox 676 749 751 846; baseline -0.013 0"><span class='ocrx_word' id='word_1_1' title='bbox 676 749 751 846; x_wconf 61' lang='lat' dir='ltr'>144ss</span> 
     </span>
    </p>
   </div>
   <div class='ocr_carea' id='block_1_2' title="bbox 141 963 1272 1163">
    <p class='ocr_par' dir='ltr' id='par_1_2' title="bbox 141 963 1272 1163">
     <span class='ocr_line' id='line_1_2' title="bbox 141 963 1272 1049; baseline -0.008 -19"><span class='ocrx_word' id='word_1_2' title='bbox 141 971 239 1035; x_wconf 80' lang='lat'><em>1463.</em></span> <span class='ocrx_word' id='word_1_3' title='bbox 266 969 467 1038; x_wconf 77' lang='lat' dir='ltr'>Avelcoczei</span> <span class='ocrx_word' id='word_1_4' title='bbox 494 967 712 1031; x_wconf 76' lang='lat' dir='ltr'>citiamtona&#39;os</span> <span class='ocrx_word' id='word_1_5' title='bbox 738 967 929 1029; x_wconf 78' lang='lat' dir='ltr'>bota&#39;rozato</span> <span class='ocrx_word' id='word_1_6' title='bbox 955 989 976 1028; x_wconf 85' lang='lat' dir='ltr'>o</span> <span class='ocrx_word' id='word_1_7' title='bbox 995 963 1203 1049; x_wconf 73' lang='lat' dir='ltr'>Skanderbeq</span> <span class='ocrx_word' id='word_1_8' title='bbox 1220 967 1272 1032; x_wconf 78' lang='lat' dir='ltr'>lse&#39;.</span> 
     </span>
     <span class='ocr_line' id='line_1_3' title="bbox 321 1073 1087 1163; baseline -0.004 -22"><span class='ocrx_word' id='word_1_9' title='bbox 321 1077 416 1141; x_wconf 69' lang='lat' dir='ltr'>celoci</span> <span class='ocrx_word' id='word_1_10' title='bbox 429 1074 601 1163; x_wconf 79' lang='lat' dir='ltr'>pontjciro</span> <span class='ocrx_word' id='word_1_11' title='bbox 618 1073 754 1138; x_wconf 80' lang='lat' dir='ltr'>aduodo&#39;</span> <span class='ocrx_word' id='word_1_12' title='bbox 769 1073 879 1136; x_wconf 44' lang='lat' dir='ltr'>&#39;odiose</span> <span class='ocrx_word' id='word_1_13' title='bbox 895 1073 1087 1161; x_wconf 74' lang='lat' dir='ltr'>tdrpydbou.</span> 
     </span>
    </p>
   </div>
   <div class='ocr_carea' id='block_1_3' title="bbox 139 1287 776 1372">
    <p class='ocr_par' dir='ltr' id='par_1_3' title="bbox 139 1287 776 1372">
     <span class='ocr_line' id='line_1_4' title="bbox 139 1287 776 1372; baseline -0.003 -18"><span class='ocrx_word' id='word_1_14' title='bbox 139 1287 433 1356; x_wconf 75' lang='lat' dir='ltr'>Mccccnxffl.</span> <span class='ocrx_word' id='word_1_15' title='bbox 450 1290 501 1356; x_wconf 87' lang='lat' dir='ltr'>die</span> <span class='ocrx_word' id='word_1_16' title='bbox 518 1287 602 1353; x_wconf 87' lang='lat' dir='ltr'>XX.</span> <span class='ocrx_word' id='word_1_17' title='bbox 621 1288 776 1372; x_wconf 84' lang='lat' dir='ltr'>Augusti.</span> 
     </span>
    </p>
   </div>
   <div class='ocr_carea' id='block_1_4' title="bbox 139 1396 1273 1806">
    <p class='ocr_par' dir='ltr' id='par_1_4' title="bbox 139 1396 1273 1806">
     <span class='ocr_line' id='line_1_5' title="bbox 250 1396 1271 1480; baseline -0.003 -19"><span class='ocrx_word' id='word_1_18' title='bbox 250 1397 349 1480; x_wconf 80' lang='lat' dir='ltr'>Quod</span> <span class='ocrx_word' id='word_1_19' title='bbox 374 1397 416 1462; x_wconf 87' lang='lat' dir='ltr'>ad</span> <span class='ocrx_word' id='word_1_20' title='bbox 443 1397 586 1480; x_wconf 82' lang='lat' dir='ltr'>capitula</span> <span class='ocrx_word' id='word_1_21' title='bbox 607 1397 700 1462; x_wconf 92' lang='lat' dir='ltr'>nobis</span> <span class='ocrx_word' id='word_1_22' title='bbox 717 1396 863 1462; x_wconf 85' lang='lat' dir='ltr'>exhibita</span> <span class='ocrx_word' id='word_1_23' title='bbox 880 1419 938 1480; x_wconf 80' lang='lat' dir='ltr'>per</span> <span class='ocrx_word' id='word_1_24' title='bbox 954 1397 1271 1462; x_wconf 87' lang='lat' dir='ltr'>Reverendissimum</span> 
     </span>
     <span class='ocr_line' id='line_1_6' title="bbox 140 1501 1273 1584; baseline -0.004 -13"><span class='ocrx_word' id='word_1_25' title='bbox 140 1504 432 1574; x_wconf 84' lang='lat' dir='ltr'>Prothonotarium</span> <span class='ocrx_word' id='word_1_26' title='bbox 459 1511 492 1570; x_wconf 91' lang='lat' dir='ltr'>et</span> <span class='ocrx_word' id='word_1_27' title='bbox 517 1501 683 1570; x_wconf 87' lang='lat' dir='ltr'>Abbatem</span> <span class='ocrx_word' id='word_1_28' title='bbox 700 1505 819 1570; x_wconf 84' lang='lat' dir='ltr'>Sancte</span> <span class='ocrx_word' id='word_1_29' title='bbox 837 1504 946 1568; x_wconf 85' lang='lat' dir='ltr'>Marte</span> <span class='ocrx_word' id='word_1_30' title='bbox 973 1503 1012 1568; x_wconf 94' lang='lat' dir='ltr'>de</span> <span class='ocrx_word' id='word_1_31' title='bbox 1028 1503 1172 1584; x_wconf 87' lang='lat' dir='ltr'>Roteti0,</span> <span class='ocrx_word' id='word_1_32' title='bbox 1191 1503 1273 1570; x_wconf 82' lang='lat' dir='ltr'>Ore·</span> 
     </span>
     <span class='ocr_line' id='line_1_7' title="bbox 140 1611 1272 1696; baseline -0.004 -18"><span class='ocrx_word' id='word_1_33' title='bbox 140 1621 247 1678; x_wconf 88' lang='lat' dir='ltr'>torem</span> <span class='ocrx_word' id='word_1_34' title='bbox 263 1612 433 1696; x_wconf 84' lang='lat' dir='ltr'>Magnifici</span> <span class='ocrx_word' id='word_1_35' title='bbox 450 1613 583 1678; x_wconf 86' lang='lat' dir='ltr'>Domini</span> <span class='ocrx_word' id='word_1_36' title='bbox 601 1611 852 1694; x_wconf 83' lang='lat' dir='ltr'>Scanderbeghi‚</span> <span class='ocrx_word' id='word_1_37' title='bbox 877 1611 964 1678; x_wconf 85' lang='lat' dir='ltr'>lecta</span> <span class='ocrx_word' id='word_1_38' title='bbox 981 1613 1057 1677; x_wconf 92' lang='lat' dir='ltr'>huic</span> <span class='ocrx_word' id='word_1_39' title='bbox 1072 1613 1217 1694; x_wconf 91' lang='lat' dir='ltr'>oonsilio,</span> <span class='ocrx_word' id='word_1_40' title='bbox 1233 1632 1272 1674; x_wconf 82' lang='lat' dir='ltr'>ac</span> 
     </span>
     <span class='ocr_line' id='line_1_8' title="bbox 139 1720 1273 1806; baseline -0.002 -20"><span class='ocrx_word' id='word_1_41' title='bbox 139 1723 239 1786; x_wconf 84' lang='lat' dir='ltr'>etiarn</span> <span class='ocrx_word' id='word_1_42' title='bbox 264 1722 320 1786; x_wconf 92' lang='lat' dir='ltr'>uni</span> <span class='ocrx_word' id='word_1_43' title='bbox 346 1721 441 1787; x_wconf 86' lang='lat' dir='ltr'>alteri</span> <span class='ocrx_word' id='word_1_44' title='bbox 460 1720 596 1787; x_wconf 81' lang='lat' dir='ltr'>Oretori</span> <span class='ocrx_word' id='word_1_45' title='bbox 623 1721 725 1805; x_wconf 92' lang='lat' dir='ltr'>ipsius</span> <span class='ocrx_word' id='word_1_46' title='bbox 742 1722 873 1803; x_wconf 90' lang='lat' dir='ltr'>domini,</span> <span class='ocrx_word' id='word_1_47' title='bbox 898 1724 953 1806; x_wconf 90' lang='lat' dir='ltr'>qui</span> <span class='ocrx_word' id='word_1_48' title='bbox 969 1729 1044 1806; x_wconf 91' lang='lat' dir='ltr'>post</span> <span class='ocrx_word' id='word_1_49' title='bbox 1060 1722 1182 1787; x_wconf 89' lang='lat' dir='ltr'>dictum</span> <span class='ocrx_word' id='word_1_50' title='bbox 1197 1742 1273 1804; x_wconf 91' lang='lat' dir='ltr'>pro·</span> 
     </span>
    </p>
   </div>
   <div class='ocr_carea' id='block_1_5' title="bbox 7 1830 1271 1913">
    <p class='ocr_par' dir='ltr' id='par_1_5' title="bbox 7 1830 1271 1913">
     <span class='ocr_line' id='line_1_9' title="bbox 7 1830 1271 1913; baseline -0.003 -17"><span class='ocrx_word' id='word_1_51' title='bbox 7 1889 11 1896; x_wconf 93' lang='lat'>.</span> <span class='ocrx_word' id='word_1_52' title='bbox 139 1831 364 1895; x_wconf 80' lang='lat' dir='ltr'>thonotarium</span> <span class='ocrx_word' id='word_1_53' title='bbox 381 1831 424 1895; x_wconf 83' lang='lat' dir='ltr'>ad</span> <span class='ocrx_word' id='word_1_54' title='bbox 439 1853 498 1895; x_wconf 92' lang='lat' dir='ltr'>nos</span> <span class='ocrx_word' id='word_1_55' title='bbox 515 1831 631 1895; x_wconf 92' lang='lat' dir='ltr'>missus</span> <span class='ocrx_word' id='word_1_56' title='bbox 648 1837 705 1910; x_wconf 85' lang='lat' dir='ltr'>est,</span> <span class='ocrx_word' id='word_1_57' title='bbox 730 1831 906 1913; x_wconf 79' lang='lat' dir='ltr'>retulitque</span> <span class='ocrx_word' id='word_1_58' title='bbox 924 1830 1018 1894; x_wconf 92' lang='lat' dir='ltr'>nobis</span> <span class='ocrx_word' id='word_1_59' title='bbox 1035 1835 1184 1913; x_wconf 80' lang='lat' dir='ltr'>presente</span> <span class='ocrx_word' id='word_1_60' title='bbox 1201 1831 1271 1911; x_wconf 90' lang='lat' dir='ltr'>ipso</span> 
     </span>
    </p>
   </div>
   <div class='ocr_carea' id='block_1_6' title="bbox 139 1937 1277 3427">
    <p class='ocr_par' dir='ltr' id='par_1_6' title="bbox 139 1937 1273 2460">
     <span class='ocr_line' id='line_1_10' title="bbox 140 1937 1269 2022; baseline 0 -22"><span class='ocrx_word' id='word_1_61' title='bbox 140 1938 391 2020; x_wconf 83' lang='lat' dir='ltr'>prothonotario</span> <span class='ocrx_word' id='word_1_62' title='bbox 420 1939 546 2022; x_wconf 81' lang='lat' dir='ltr'>collega</span> <span class='ocrx_word' id='word_1_63' title='bbox 573 1961 642 2020; x_wconf 91' lang='lat' dir='ltr'>suo,</span> <span class='ocrx_word' id='word_1_64' title='bbox 667 1938 754 2022; x_wconf 91' lang='lat' dir='ltr'>quod</span> <span class='ocrx_word' id='word_1_65' title='bbox 781 1938 931 2003; x_wconf 89' lang='lat' dir='ltr'>dominus</span> <span class='ocrx_word' id='word_1_66' title='bbox 958 1961 1034 2004; x_wconf 91' lang='lat' dir='ltr'>suus</span> <span class='ocrx_word' id='word_1_67' title='bbox 1051 1945 1160 2003; x_wconf 89' lang='lat' dir='ltr'>motus</span> <span class='ocrx_word' id='word_1_68' title='bbox 1175 1937 1269 2003; x_wconf 87' lang='lat' dir='ltr'>bonis</span> 
     </span>
     <span class='ocr_line' id='line_1_11' title="bbox 139 2045 1272 2131; baseline -0.002 -19"><span class='ocrx_word' id='word_1_69' title='bbox 139 2045 341 2131; x_wconf 86' lang='lat' dir='ltr'>respectibus</span> <span class='ocrx_word' id='word_1_70' title='bbox 367 2047 476 2130; x_wconf 88' lang='lat' dir='ltr'>potius</span> <span class='ocrx_word' id='word_1_71' title='bbox 493 2047 582 2131; x_wconf 89' lang='lat' dir='ltr'>cupit</span> <span class='ocrx_word' id='word_1_72' title='bbox 598 2046 719 2113; x_wconf 85' lang='lat' dir='ltr'>hebere</span> <span class='ocrx_word' id='word_1_73' title='bbox 737 2053 851 2129; x_wconf 83' lang='lat' dir='ltr'>gentes</span> <span class='ocrx_word' id='word_1_74' title='bbox 868 2053 996 2114; x_wconf 82' lang='lat' dir='ltr'>nostres</span> <span class='ocrx_word' id='word_1_75' title='bbox 1013 2047 1140 2112; x_wconf 78' lang='lat' dir='ltr'>italicas</span> <span class='ocrx_word' id='word_1_76' title='bbox 1157 2050 1272 2111; x_wconf 81' lang='lat' dir='ltr'>contre</span> 
     </span>
     <span class='ocr_line' id='line_1_12' title="bbox 141 2153 1272 2239; baseline -0.004 -19"><span class='ocrx_word' id='word_1_77' title='bbox 141 2154 277 2237; x_wconf 75' lang='lat' dir='ltr'>Turcos,</span> <span class='ocrx_word' id='word_1_78' title='bbox 304 2176 402 2238; x_wconf 85' lang='lat' dir='ltr'>quam</span> <span class='ocrx_word' id='word_1_79' title='bbox 426 2154 513 2238; x_wconf 93' lang='lat' dir='ltr'>quod</span> <span class='ocrx_word' id='word_1_80' title='bbox 539 2155 600 2220; x_wconf 92' lang='lat' dir='ltr'>sibi</span> <span class='ocrx_word' id='word_1_81' title='bbox 627 2155 786 2220; x_wconf 79' lang='lat' dir='ltr'>solvamus</span> <span class='ocrx_word' id='word_1_82' title='bbox 813 2161 934 2239; x_wconf 79' lang='lat' dir='ltr'>gentes,</span> <span class='ocrx_word' id='word_1_83' title='bbox 960 2176 1041 2238; x_wconf 88' lang='lat' dir='ltr'>quas</span> <span class='ocrx_word' id='word_1_84' title='bbox 1057 2155 1161 2237; x_wconf 91' lang='lat' dir='ltr'>primo</span> <span class='ocrx_word' id='word_1_85' title='bbox 1177 2153 1272 2236; x_wconf 88' lang='lat' dir='ltr'>petiit</span> 
     </span>
     <span class='ocr_line' id='line_1_13' title="bbox 142 2259 1273 2346; baseline -0.003 -20"><span class='ocrx_word' id='word_1_86' title='bbox 142 2263 205 2329; x_wconf 89' lang='lat' dir='ltr'>sibi</span> <span class='ocrx_word' id='word_1_87' title='bbox 223 2263 302 2328; x_wconf 86' lang='lat' dir='ltr'>solvi</span> <span class='ocrx_word' id='word_1_88' title='bbox 321 2285 360 2327; x_wconf 89' lang='lat' dir='ltr'>ex</span> <span class='ocrx_word' id='word_1_89' title='bbox 376 2262 452 2344; x_wconf 89' lang='lat' dir='ltr'>suis,</span> <span class='ocrx_word' id='word_1_90' title='bbox 479 2284 560 2346; x_wconf 81' lang='lat' dir='ltr'>ques</span> <span class='ocrx_word' id='word_1_91' title='bbox 576 2264 677 2328; x_wconf 81' lang='lat' dir='ltr'>habet</span> <span class='ocrx_word' id='word_1_92' title='bbox 692 2265 725 2327; x_wconf 89' lang='lat' dir='ltr'>in</span> <span class='ocrx_word' id='word_1_93' title='bbox 742 2263 806 2328; x_wconf 88' lang='lat' dir='ltr'>illis</span> <span class='ocrx_word' id='word_1_94' title='bbox 823 2263 980 2346; x_wconf 84' lang='lat' dir='ltr'>partibus,</span> <span class='ocrx_word' id='word_1_95' title='bbox 1008 2263 1091 2327; x_wconf 91' lang='lat' dir='ltr'>siout</span> <span class='ocrx_word' id='word_1_96' title='bbox 1106 2259 1181 2324; x_wconf 92' lang='lat' dir='ltr'>huic</span> <span class='ocrx_word' id='word_1_97' title='bbox 1198 2280 1273 2324; x_wconf 88' lang='lat' dir='ltr'>con-</span> 
     </span>
     <span class='ocr_line' id='line_1_14' title="bbox 141 2364 1134 2460; baseline -0.002 -26"><span class='ocrx_word' id='word_1_98' title='bbox 141 2371 213 2460; x_wconf 88' lang='lat' dir='ltr'>silio</span> <span class='ocrx_word' id='word_1_99' title='bbox 231 2371 372 2434; x_wconf 87' lang='lat' dir='ltr'>relatum</span> <span class='ocrx_word' id='word_1_100' title='bbox 389 2375 446 2434; x_wconf 86' lang='lat' dir='ltr'>est.</span> <span class='ocrx_word' id='word_1_101' title='bbox 470 2370 729 2454; x_wconf 77' lang='lat' dir='ltr'>Respondentur,</span> <span class='ocrx_word' id='word_1_102' title='bbox 747 2375 779 2434; x_wconf 85' lang='lat' dir='ltr'>et</span> <span class='ocrx_word' id='word_1_103' title='bbox 795 2371 899 2454; x_wconf 90' lang='lat' dir='ltr'>primo</span> <span class='ocrx_word' id='word_1_104' title='bbox 917 2369 960 2433; x_wconf 81' lang='lat' dir='ltr'>ad</span> <span class='ocrx_word' id='word_1_105' title='bbox 976 2364 1134 2452; x_wconf 87' lang='lat' dir='ltr'>primum:</span> 
     </span>
    </p>

    <p class='ocr_par' dir='ltr' id='par_1_7' title="bbox 141 2472 1277 3427">
     <span class='ocr_line' id='line_1_15' title="bbox 250 2472 1271 2562; baseline -0.005 -21"><span class='ocrx_word' id='word_1_106' title='bbox 250 2476 348 2560; x_wconf 81' lang='lat' dir='ltr'>Quod</span> <span class='ocrx_word' id='word_1_107' title='bbox 375 2477 547 2560; x_wconf 85' lang='lat' dir='ltr'>diligentes</span> <span class='ocrx_word' id='word_1_108' title='bbox 572 2478 786 2562; x_wconf 82' lang='lat' dir='ltr'>Magnificum</span> <span class='ocrx_word' id='word_1_109' title='bbox 812 2478 991 2543; x_wconf 91' lang='lat' dir='ltr'>Dominum</span> <span class='ocrx_word' id='word_1_110' title='bbox 1008 2472 1271 2556; x_wconf 81' lang='lat' dir='ltr'>Scanderbegum</span> 
     </span>
     <span class='ocr_line' id='line_1_16' title="bbox 141 2580 1273 2670; baseline -0.006 -19"><span class='ocrx_word' id='word_1_111' title='bbox 141 2586 181 2651; x_wconf 94' lang='lat' dir='ltr'>ob</span> <span class='ocrx_word' id='word_1_112' title='bbox 197 2585 339 2650; x_wconf 85' lang='lat' dir='ltr'>virtutes</span> <span class='ocrx_word' id='word_1_113' title='bbox 356 2607 431 2650; x_wconf 89' lang='lat' dir='ltr'>suas</span> <span class='ocrx_word' id='word_1_114' title='bbox 449 2592 482 2650; x_wconf 92' lang='lat' dir='ltr'>et</span> <span class='ocrx_word' id='word_1_115' title='bbox 499 2588 576 2670; x_wconf 86' lang='lat' dir='ltr'>quie</span> <span class='ocrx_word' id='word_1_116' title='bbox 595 2597 709 2651; x_wconf 81' lang='lat' dir='ltr'>contre</span> <span class='ocrx_word' id='word_1_117' title='bbox 725 2587 835 2652; x_wconf 90' lang='lat' dir='ltr'>hostes</span> <span class='ocrx_word' id='word_1_118' title='bbox 853 2585 928 2653; x_wconf 89' lang='lat' dir='ltr'>fidei</span> <span class='ocrx_word' id='word_1_119' title='bbox 940 2606 1066 2668; x_wconf 89' lang='lat' dir='ltr'>semper</span> <span class='ocrx_word' id='word_1_120' title='bbox 1075 2580 1154 2648; x_wconf 84' lang='lat' dir='ltr'>forti</span> <span class='ocrx_word' id='word_1_121' title='bbox 1166 2581 1273 2646; x_wconf 81' lang='lat' dir='ltr'>animo</span> 
     </span>
     <span class='ocr_line' id='line_1_17' title="bbox 141 2684 1275 2780; baseline -0.007 -20"><span class='ocrx_word' id='word_1_122' title='bbox 141 2695 320 2778; x_wconf 83' lang='lat' dir='ltr'>pugnavit:</span> <span class='ocrx_word' id='word_1_123' title='bbox 346 2716 456 2758; x_wconf 91' lang='lat' dir='ltr'>sumus</span> <span class='ocrx_word' id='word_1_124' title='bbox 483 2701 515 2760; x_wconf 88' lang='lat' dir='ltr'>et</span> <span class='ocrx_word' id='word_1_125' title='bbox 542 2697 742 2778; x_wconf 88' lang='lat' dir='ltr'>reperiemur</span> <span class='ocrx_word' id='word_1_126' title='bbox 769 2717 892 2780; x_wconf 87' lang='lat' dir='ltr'>semper</span> <span class='ocrx_word' id='word_1_127' title='bbox 918 2696 1041 2778; x_wconf 89' lang='lat' dir='ltr'>optime</span> <span class='ocrx_word' id='word_1_128' title='bbox 1066 2691 1218 2774; x_wconf 86' lang='lat' dir='ltr'>dispositi</span> <span class='ocrx_word' id='word_1_129' title='bbox 1233 2684 1275 2753; x_wconf 85' lang='lat' dir='ltr'>ad</span> 
     </span>
     <span class='ocr_line' id='line_1_18' title="bbox 142 2797 1274 2885; baseline -0.007 -17"><span class='ocrx_word' id='word_1_130' title='bbox 142 2805 259 2882; x_wconf 80' lang='lat' dir='ltr'>omnia,</span> <span class='ocrx_word' id='word_1_131' title='bbox 283 2825 346 2885; x_wconf 92' lang='lat' dir='ltr'>que</span> <span class='ocrx_word' id='word_1_132' title='bbox 362 2803 519 2867; x_wconf 87' lang='lat' dir='ltr'>honorem</span> <span class='ocrx_word' id='word_1_133' title='bbox 537 2810 570 2869; x_wconf 90' lang='lat' dir='ltr'>et</span> <span class='ocrx_word' id='word_1_134' title='bbox 586 2803 755 2875; x_wconf 83' lang='lat' dir='ltr'>commode</span> <span class='ocrx_word' id='word_1_135' title='bbox 771 2825 830 2868; x_wconf 80' lang='lat' dir='ltr'>sue</span> <span class='ocrx_word' id='word_1_136' title='bbox 847 2823 1039 2868; x_wconf 89' lang='lat' dir='ltr'>concernere</span> <span class='ocrx_word' id='word_1_137' title='bbox 1055 2804 1197 2884; x_wconf 89' lang='lat' dir='ltr'>possent.</span> <span class='ocrx_word' id='word_1_138' title='bbox 1228 2797 1274 2861; x_wconf 82' lang='lat' dir='ltr'>Et</span> 
     </span>
     <span class='ocr_line' id='line_1_19' title="bbox 144 2907 1274 2994; baseline -0.006 -19"><span class='ocrx_word' id='word_1_139' title='bbox 144 2911 232 2975; x_wconf 82' lang='lat' dir='ltr'>circa</span> <span class='ocrx_word' id='word_1_140' title='bbox 249 2908 377 2975; x_wconf 81' lang='lat' dir='ltr'>favores</span> <span class='ocrx_word' id='word_1_141' title='bbox 394 2912 540 2994; x_wconf 92' lang='lat' dir='ltr'>gentium</span> <span class='ocrx_word' id='word_1_142' title='bbox 557 2918 742 2977; x_wconf 81' lang='lat' dir='ltr'>nostrarum</span> <span class='ocrx_word' id='word_1_143' title='bbox 753 2911 948 2992; x_wconf 78' lang='lat' dir='ltr'>italicarum,</span> <span class='ocrx_word' id='word_1_144' title='bbox 966 2929 1048 2992; x_wconf 79' lang='lat' dir='ltr'>quas</span> <span class='ocrx_word' id='word_1_145' title='bbox 1058 2907 1148 2991; x_wconf 87' lang='lat' dir='ltr'>petit,</span> <span class='ocrx_word' id='word_1_146' title='bbox 1164 2911 1201 2970; x_wconf 93' lang='lat' dir='ltr'>ut</span> <span class='ocrx_word' id='word_1_147' title='bbox 1210 2926 1274 2968; x_wconf 93' lang='lat' dir='ltr'>me·</span> 
     </span>
     <span class='ocr_line' id='line_1_20' title="bbox 141 3014 1274 3103; baseline -0.004 -22"><span class='ocrx_word' id='word_1_148' title='bbox 141 3017 205 3082; x_wconf 89' lang='lat' dir='ltr'>lius</span> <span class='ocrx_word' id='word_1_149' title='bbox 232 3025 348 3084; x_wconf 82' lang='lat' dir='ltr'>contre</span> <span class='ocrx_word' id='word_1_150' title='bbox 365 3019 507 3084; x_wconf 80' lang='lat' dir='ltr'>Turoum</span> <span class='ocrx_word' id='word_1_151' title='bbox 533 3021 639 3086; x_wconf 82' lang='lat' dir='ltr'>facere</span> <span class='ocrx_word' id='word_1_152' title='bbox 656 3021 768 3103; x_wconf 86' lang='lat' dir='ltr'>possit,</span> <span class='ocrx_word' id='word_1_153' title='bbox 796 3022 880 3086; x_wconf 90' lang='lat' dir='ltr'>sicut</span> <span class='ocrx_word' id='word_1_154' title='bbox 897 3043 930 3086; x_wconf 90' lang='lat' dir='ltr'>se</span> <span class='ocrx_word' id='word_1_155' title='bbox 948 3019 1110 3085; x_wconf 80' lang='lat' dir='ltr'>facturum</span> <span class='ocrx_word' id='word_1_156' title='bbox 1128 3014 1274 3098; x_wconf 87' lang='lat' dir='ltr'>spondet.</span> 
     </span>
     <span class='ocr_line' id='line_1_21' title="bbox 142 3125 1275 3212; baseline -0.003 -23"><span class='ocrx_word' id='word_1_157' title='bbox 142 3125 301 3207; x_wconf 80' lang='lat' dir='ltr'>Dicimus,</span> <span class='ocrx_word' id='word_1_158' title='bbox 318 3128 404 3209; x_wconf 91' lang='lat' dir='ltr'>quod</span> <span class='ocrx_word' id='word_1_159' title='bbox 421 3129 565 3193; x_wconf 90' lang='lat' dir='ltr'>contenti</span> <span class='ocrx_word' id='word_1_160' title='bbox 584 3150 701 3210; x_wconf 87' lang='lat' dir='ltr'>sumus,</span> <span class='ocrx_word' id='word_1_161' title='bbox 719 3136 751 3194; x_wconf 91' lang='lat' dir='ltr'>et</span> <span class='ocrx_word' id='word_1_162' title='bbox 768 3129 830 3194; x_wconf 91' lang='lat' dir='ltr'>sibi</span> <span class='ocrx_word' id='word_1_163' title='bbox 846 3129 1069 3212; x_wconf 88' lang='lat' dir='ltr'>promittimus</span> <span class='ocrx_word' id='word_1_164' title='bbox 1081 3131 1194 3211; x_wconf 90' lang='lat' dir='ltr'>gentes</span> <span class='ocrx_word' id='word_1_165' title='bbox 1203 3143 1275 3187; x_wconf 92' lang='lat' dir='ltr'>nos-</span> 
     </span>
     <span class='ocr_line' id='line_1_22' title="bbox 143 3231 1277 3318; baseline -0.001 -22"><span class='ocrx_word' id='word_1_166' title='bbox 143 3239 212 3299; x_wconf 83' lang='lat' dir='ltr'>tras</span> <span class='ocrx_word' id='word_1_167' title='bbox 229 3233 379 3316; x_wconf 84' lang='lat' dir='ltr'>Italicas,</span> <span class='ocrx_word' id='word_1_168' title='bbox 406 3257 467 3318; x_wconf 88' lang='lat' dir='ltr'>que</span> <span class='ocrx_word' id='word_1_169' title='bbox 486 3241 560 3300; x_wconf 91' lang='lat' dir='ltr'>sunt</span> <span class='ocrx_word' id='word_1_170' title='bbox 577 3237 609 3299; x_wconf 92' lang='lat' dir='ltr'>in</span> <span class='ocrx_word' id='word_1_171' title='bbox 626 3237 777 3318; x_wconf 81' lang='lat' dir='ltr'>partibus</span> <span class='ocrx_word' id='word_1_172' title='bbox 795 3235 947 3316; x_wconf 86' lang='lat' dir='ltr'>Albanio,</span> <span class='ocrx_word' id='word_1_173' title='bbox 964 3241 996 3302; x_wconf 88' lang='lat' dir='ltr'>et</span> <span class='ocrx_word' id='word_1_174' title='bbox 1011 3237 1100 3300; x_wconf 82' lang='lat' dir='ltr'>ultre</span> <span class='ocrx_word' id='word_1_175' title='bbox 1115 3235 1174 3298; x_wconf 91' lang='lat' dir='ltr'>hec</span> <span class='ocrx_word' id='word_1_176' title='bbox 1189 3231 1277 3296; x_wconf 85' lang='lat' dir='ltr'>fevo·</span> 
     </span>
     <span class='ocr_line' id='line_1_23' title="bbox 142 3342 1277 3427; baseline 0 -22"><span class='ocrx_word' id='word_1_177' title='bbox 142 3363 194 3407; x_wconf 91' lang='lat' dir='ltr'>res</span> <span class='ocrx_word' id='word_1_178' title='bbox 220 3343 358 3408; x_wconf 81' lang='lat' dir='ltr'>aliarum</span> <span class='ocrx_word' id='word_1_179' title='bbox 387 3345 531 3427; x_wconf 89' lang='lat' dir='ltr'>gentium</span> <span class='ocrx_word' id='word_1_180' title='bbox 561 3345 765 3410; x_wconf 85' lang='lat' dir='ltr'>subditorum</span> <span class='ocrx_word' id='word_1_181' title='bbox 783 3353 815 3410; x_wconf 88' lang='lat' dir='ltr'>et</span> <span class='ocrx_word' id='word_1_182' title='bbox 830 3348 977 3411; x_wconf 88' lang='lat' dir='ltr'>locorum</span> <span class='ocrx_word' id='word_1_183' title='bbox 993 3352 1178 3410; x_wconf 88' lang='lat' dir='ltr'>nostrorum</span> <span class='ocrx_word' id='word_1_184' title='bbox 1193 3342 1277 3424; x_wconf 84' lang='lat' dir='ltr'>ipsa-</span> 
     </span>
    </p>
   </div>
   <div class='ocr_carea' id='block_1_7' title="bbox 142 3448 1371 3536">
    <p class='ocr_par' dir='ltr' id='par_1_8' title="bbox 142 3448 1371 3536">
     <span class='ocr_line' id='line_1_24' title="bbox 142 3448 1371 3536; baseline 0.001 -23"><span class='ocrx_word' id='word_1_185' title='bbox 142 3453 392 3534; x_wconf 79' lang='lat' dir='ltr'>rumpentium.</span> <span class='ocrx_word' id='word_1_186' title='bbox 433 3451 552 3518; x_wconf 83' lang='lat' dir='ltr'>Sumus</span> <span class='ocrx_word' id='word_1_187' title='bbox 580 3476 709 3536; x_wconf 90' lang='lat' dir='ltr'>quoque</span> <span class='ocrx_word' id='word_1_188' title='bbox 735 3457 879 3520; x_wconf 90' lang='lat' dir='ltr'>contenti</span> <span class='ocrx_word' id='word_1_189' title='bbox 895 3463 928 3520; x_wconf 94' lang='lat' dir='ltr'>et</span> <span class='ocrx_word' id='word_1_190' title='bbox 943 3453 1107 3520; x_wconf 85' lang='lat' dir='ltr'>offerimus</span> <span class='ocrx_word' id='word_1_191' title='bbox 1123 3448 1277 3534; x_wconf 79' lang='lat' dir='ltr'>Magnifi-</span> <span class='ocrx_word' id='word_1_192' title='bbox 1365 3513 1371 3526; x_wconf 79' lang='grc'>,</span> 
     </span>
    </p>
   </div>
   <div class='ocr_carea' id='block_1_8' title="bbox 140 3555 1280 4624">
    <p class='ocr_par' dir='ltr' id='par_1_9' title="bbox 140 3555 1279 4397">
     <span class='ocr_line' id='line_1_25' title="bbox 144 3555 1277 3644; baseline 0.001 -23"><span class='ocrx_word' id='word_1_193' title='bbox 144 3557 248 3622; x_wconf 88' lang='lat' dir='ltr'>centie</span> <span class='ocrx_word' id='word_1_194' title='bbox 265 3555 331 3624; x_wconf 84' lang='lat' dir='ltr'>Sue</span> <span class='ocrx_word' id='word_1_195' title='bbox 362 3583 421 3643; x_wconf 91' lang='lat' dir='ltr'>pro</span> <span class='ocrx_word' id='word_1_196' title='bbox 446 3565 592 3643; x_wconf 87' lang='lat' dir='ltr'>tempore</span> <span class='ocrx_word' id='word_1_197' title='bbox 619 3585 701 3625; x_wconf 89' lang='lat' dir='ltr'>novo</span> <span class='ocrx_word' id='word_1_198' title='bbox 726 3563 858 3626; x_wconf 90' lang='lat' dir='ltr'>mittere</span> <span class='ocrx_word' id='word_1_199' title='bbox 883 3563 1021 3644; x_wconf 75' lang='lat' dir='ltr'>favoreS,</span> <span class='ocrx_word' id='word_1_200' title='bbox 1049 3584 1124 3626; x_wconf 92' lang='lat' dir='ltr'>suos</span> <span class='ocrx_word' id='word_1_201' title='bbox 1151 3559 1277 3643; x_wconf 90' lang='lat' dir='ltr'>equites</span> 
     </span>
     <span class='ocr_line' id='line_1_26' title="bbox 146 3664 1277 3749; baseline -0.003 -19"><span class='ocrx_word' id='word_1_202' title='bbox 146 3666 343 3748; x_wconf 89' lang='lat' dir='ltr'>quingentos</span> <span class='ocrx_word' id='word_1_203' title='bbox 370 3672 402 3730; x_wconf 93' lang='lat' dir='ltr'>et</span> <span class='ocrx_word' id='word_1_204' title='bbox 427 3665 554 3748; x_wconf 91' lang='lat' dir='ltr'>pedites</span> <span class='ocrx_word' id='word_1_205' title='bbox 572 3667 769 3749; x_wconf 88' lang='lat' dir='ltr'>quingentos</span> <span class='ocrx_word' id='word_1_206' title='bbox 785 3667 922 3744; x_wconf 80' lang='lat' dir='ltr'>italicos,</span> <span class='ocrx_word' id='word_1_207' title='bbox 949 3674 985 3730; x_wconf 91' lang='lat' dir='ltr'>ut</span> <span class='ocrx_word' id='word_1_208' title='bbox 1003 3668 1170 3749; x_wconf 91' lang='lat' dir='ltr'>potentius</span> <span class='ocrx_word' id='word_1_209' title='bbox 1188 3664 1277 3729; x_wconf 89' lang='lat' dir='ltr'>hosti</span> 
     </span>
     <span class='ocr_line' id='line_1_27' title="bbox 145 3771 1277 3856; baseline 0 -20"><span class='ocrx_word' id='word_1_210' title='bbox 145 3771 266 3838; x_wconf 88' lang='lat' dir='ltr'>bellum</span> <span class='ocrx_word' id='word_1_211' title='bbox 283 3772 397 3838; x_wconf 84' lang='lat' dir='ltr'>inferri</span> <span class='ocrx_word' id='word_1_212' title='bbox 413 3775 525 3856; x_wconf 90' lang='lat' dir='ltr'>possit.</span> <span class='ocrx_word' id='word_1_213' title='bbox 560 3773 697 3838; x_wconf 80' lang='lat' dir='ltr'>interim</span> <span class='ocrx_word' id='word_1_214' title='bbox 713 3797 799 3856; x_wconf 88' lang='lat' dir='ltr'>vero,</span> <span class='ocrx_word' id='word_1_215' title='bbox 823 3775 993 3839; x_wconf 86' lang='lat' dir='ltr'>videlicet:</span> <span class='ocrx_word' id='word_1_216' title='bbox 1018 3796 1077 3856; x_wconf 92' lang='lat' dir='ltr'>pro</span> <span class='ocrx_word' id='word_1_217' title='bbox 1094 3775 1158 3838; x_wconf 86' lang='lat' dir='ltr'>hac</span> <span class='ocrx_word' id='word_1_218' title='bbox 1173 3773 1277 3840; x_wconf 90' lang='lat' dir='ltr'>hieme</span> 
     </span>
     <span class='ocr_line' id='line_1_28' title="bbox 146 3879 1279 3964; baseline -0.001 -20"><span class='ocrx_word' id='word_1_219' title='bbox 146 3880 207 3944; x_wconf 89' lang='lat' dir='ltr'>sibi</span> <span class='ocrx_word' id='word_1_220' title='bbox 233 3881 306 3945; x_wconf 87' lang='lat' dir='ltr'>dari</span> <span class='ocrx_word' id='word_1_221' title='bbox 331 3881 487 3946; x_wconf 83' lang='lat' dir='ltr'>faciemus</span> <span class='ocrx_word' id='word_1_222' title='bbox 504 3882 640 3946; x_wconf 79' lang='lat' dir='ltr'>ducatos</span> <span class='ocrx_word' id='word_1_223' title='bbox 658 3888 754 3964; x_wconf 77' lang='lat'>2000,</span> <span class='ocrx_word' id='word_1_224' title='bbox 770 3890 807 3946; x_wconf 87' lang='lat' dir='ltr'>ut</span> <span class='ocrx_word' id='word_1_225' title='bbox 823 3883 918 3946; x_wconf 89' lang='lat' dir='ltr'>rebus</span> <span class='ocrx_word' id='word_1_226' title='bbox 936 3884 1002 3946; x_wconf 91' lang='lat' dir='ltr'>suis</span> <span class='ocrx_word' id='word_1_227' title='bbox 1019 3883 1133 3946; x_wconf 88' lang='lat' dir='ltr'>melius</span> <span class='ocrx_word' id='word_1_228' title='bbox 1149 3879 1279 3946; x_wconf 77' lang='lat' dir='ltr'>satisfa-</span> 
     </span>
     <span class='ocr_line' id='line_1_29' title="bbox 145 3989 1279 4074; baseline 0 -21"><span class='ocrx_word' id='word_1_229' title='bbox 145 4009 215 4053; x_wconf 89' lang='lat' dir='ltr'>cere</span> <span class='ocrx_word' id='word_1_230' title='bbox 232 3990 348 4071; x_wconf 89' lang='lat' dir='ltr'>possit,</span> <span class='ocrx_word' id='word_1_231' title='bbox 375 4011 553 4074; x_wconf 89' lang='lat' dir='ltr'>quousque,</span> <span class='ocrx_word' id='word_1_232' title='bbox 571 3997 607 4055; x_wconf 88' lang='lat' dir='ltr'>ut</span> <span class='ocrx_word' id='word_1_233' title='bbox 624 3991 773 4070; x_wconf 90' lang='lat' dir='ltr'>diximus,</span> <span class='ocrx_word' id='word_1_234' title='bbox 790 3991 957 4055; x_wconf 90' lang='lat' dir='ltr'>mittemus</span> <span class='ocrx_word' id='word_1_235' title='bbox 974 3995 1087 4072; x_wconf 88' lang='lat' dir='ltr'>gentes</span> <span class='ocrx_word' id='word_1_236' title='bbox 1103 3989 1279 4074; x_wconf 79' lang='lat' dir='ltr'>predictas,</span> 
     </span>
     <span class='ocr_line' id='line_1_30' title="bbox 146 4097 1278 4181; baseline 0.002 -21"><span class='ocrx_word' id='word_1_237' title='bbox 146 4115 282 4178; x_wconf 82' lang='lat' dir='ltr'>querum</span> <span class='ocrx_word' id='word_1_238' title='bbox 301 4098 445 4179; x_wconf 90' lang='lat' dir='ltr'>gentium</span> <span class='ocrx_word' id='word_1_239' title='bbox 462 4105 529 4162; x_wconf 79' lang='lat' dir='ltr'>tem</span> <span class='ocrx_word' id='word_1_240' title='bbox 546 4121 686 4179; x_wconf 79' lang='lat' dir='ltr'>suarum,</span> <span class='ocrx_word' id='word_1_241' title='bbox 703 4119 801 4181; x_wconf 81' lang='lat' dir='ltr'>quam</span> <span class='ocrx_word' id='word_1_242' title='bbox 818 4103 1003 4162; x_wconf 85' lang='lat' dir='ltr'>nostrerum</span> <span class='ocrx_word' id='word_1_243' title='bbox 1014 4097 1158 4162; x_wconf 87' lang='lat' dir='ltr'>contenti</span> <span class='ocrx_word' id='word_1_244' title='bbox 1169 4118 1278 4162; x_wconf 89' lang='lat' dir='ltr'>sumus</span> 
     </span>
     <span class='ocr_line' id='line_1_31' title="bbox 140 4204 1278 4290; baseline 0.003 -23"><span class='ocrx_word' id='word_1_245' title='bbox 140 4204 234 4286; x_wconf 84' lang='lat' dir='ltr'>juxta</span> <span class='ocrx_word' id='word_1_246' title='bbox 245 4205 489 4288; x_wconf 89' lang='lat' dir='ltr'>requisitionem</span> <span class='ocrx_word' id='word_1_247' title='bbox 500 4207 642 4289; x_wconf 86' lang='lat' dir='ltr'>ejusdem</span> <span class='ocrx_word' id='word_1_248' title='bbox 655 4207 785 4283; x_wconf 92' lang='lat' dir='ltr'>domini,</span> <span class='ocrx_word' id='word_1_249' title='bbox 805 4208 892 4290; x_wconf 92' lang='lat' dir='ltr'>quod</span> <span class='ocrx_word' id='word_1_250' title='bbox 905 4205 1102 4289; x_wconf 84' lang='lat' dir='ltr'>Magnificus</span> <span class='ocrx_word' id='word_1_251' title='bbox 1113 4207 1181 4289; x_wconf 90' lang='lat' dir='ltr'>ejus</span> <span class='ocrx_word' id='word_1_252' title='bbox 1192 4205 1278 4270; x_wconf 89' lang='lat' dir='ltr'>filius</span> 
     </span>
     <span class='ocr_line' id='line_1_32' title="bbox 145 4311 1279 4397; baseline 0.004 -23"><span class='ocrx_word' id='word_1_253' title='bbox 145 4311 406 4394; x_wconf 81' lang='lat' dir='ltr'>sithpitaneus,</span> <span class='ocrx_word' id='word_1_254' title='bbox 417 4313 502 4377; x_wconf 92' lang='lat' dir='ltr'>idem</span> <span class='ocrx_word' id='word_1_255' title='bbox 513 4312 1060 4397; x_wconf 79' lang='lat' dir='ltr'>veroMeguificusScanderbergus</span> <span class='ocrx_word' id='word_1_256' title='bbox 1071 4314 1279 4394; x_wconf 83' lang='lat' dir='ltr'>gubernator.</span> 
     </span>
    </p>

    <p class='ocr_par' dir='ltr' id='par_1_10' title="bbox 145 4417 1280 4624">
     <span class='ocr_line' id='line_1_33' title="bbox 252 4417 1280 4506; baseline 0.002 -22"><span class='ocrx_word' id='word_1_257' title='bbox 252 4417 311 4484; x_wconf 83' lang='lat' dir='ltr'>Ad</span> <span class='ocrx_word' id='word_1_258' title='bbox 338 4420 524 4500; x_wconf 90' lang='lat' dir='ltr'>secundum,</span> <span class='ocrx_word' id='word_1_259' title='bbox 551 4422 629 4502; x_wconf 82' lang='lat' dir='ltr'>quie</span> <span class='ocrx_word' id='word_1_260' title='bbox 646 4421 755 4503; x_wconf 92' lang='lat' dir='ltr'>cupidi</span> <span class='ocrx_word' id='word_1_261' title='bbox 772 4444 883 4486; x_wconf 89' lang='lat' dir='ltr'>sumus</span> <span class='ocrx_word' id='word_1_262' title='bbox 900 4423 934 4486; x_wconf 92' lang='lat' dir='ltr'>in</span> <span class='ocrx_word' id='word_1_263' title='bbox 952 4421 1101 4488; x_wconf 89' lang='lat' dir='ltr'>omnibus</span> <span class='ocrx_word' id='word_1_264' title='bbox 1118 4421 1280 4506; x_wconf 89' lang='lat' dir='ltr'>possibili-</span> 
     </span>
     <span class='ocr_line' id='line_1_34' title="bbox 145 4526 1279 4624; baseline 0.005 -33"><span class='ocrx_word' id='word_1_265' title='bbox 145 4527 203 4595; x_wconf 91' lang='lat' dir='ltr'>bus</span> <span class='ocrx_word' id='word_1_266' title='bbox 232 4526 299 4595; x_wconf 85' lang='lat' dir='ltr'>Sue</span> <span class='ocrx_word' id='word_1_267' title='bbox 324 4529 570 4614; x_wconf 80' lang='lat' dir='ltr'>Magnificentie</span> <span class='ocrx_word' id='word_1_268' title='bbox 597 4530 793 4614; x_wconf 83' lang='lat' dir='ltr'>satisfacere,</span> <span class='ocrx_word' id='word_1_269' title='bbox 819 4535 963 4599; x_wconf 87' lang='lat' dir='ltr'>contenti</span> <span class='ocrx_word' id='word_1_270' title='bbox 990 4553 1107 4619; x_wconf 81' lang='lat' dir='ltr'>sumus,</span> <span class='ocrx_word' id='word_1_271' title='bbox 1133 4532 1221 4624; x_wconf 87' lang='lat' dir='ltr'>quod</span> <span class='ocrx_word' id='word_1_272' title='bbox 1246 4533 1279 4604; x_wconf 86' lang='lat' dir='ltr'>iu</span> 
     </span>
    </p>
   </div>
   <div class='ocr_carea' id='block_1_9' title="bbox 0 0 1643 5304">
    <p class='ocr_par' dir='ltr' id='par_1_11' title="bbox 0 0 1643 5304">
     <span class='ocr_line' id='line_1_35' title="bbox 0 0 1643 5304; baseline 0 0"><span class='ocrx_word' id='word_1_273' title='bbox 0 0 1643 5304; x_wconf 95' lang='lat' dir='ltr'> </span> 
     </span>
    </p>
   </div>
  </div>
 </body>
</html>
