3256 5304
327 305 392 368 128
681 299 1099 369 1111111111111111111111.
1184 307 1188 314 “

327 481 398 544 vius
424 500 457 543 se
482 485 659 560 gesserunt,
683 480 725 544 ab
743 483 831 545 omni
848 481 1051 545 humanitate
1068 486 1101 543 et
1117 479 1266 543 caritatis
1284 477 1389 542 officio
1405 498 1460 559 pe·

328 587 415 652 1111111
441 585 647 664 declinantes,
674 610 738 652 non
763 590 901 672 preterit
919 588 1096 653 Oratorem
1123 589 1239 669 ipsum,
1266 585 1353 668 quod
1370 606 1457 648 anuo

329 716 431 779 prope
456 694 590 756 decurso
606 716 665 776 pro
683 697 912 780 componendis
929 695 1120 760 differentiis
1137 695 1219 774 istis,
1245 699 1277 756 et
1294 693 1335 757 ad
1351 714 1411 756 nos
1428 698 1464 755 et

296 889 298 894 Α
331 803 373 867 ad
398 808 509 886 partes
535 801 608 865 illas
635 805 816 885 secontulit,
848 804 891 868 ad
908 825 990 886 quas
1006 805 1105 867 etiam
1121 801 1267 865 misimus
1285 799 1464 866 Oratorem

330 916 487 986 nostrum,
515 930 652 991 cumque
668 910 869 993 periissemus
886 917 1031 976 castrum
1046 932 1173 988 novum,
1191 907 1279 990 quod
1296 907 1464 991 pheodum

333 1024 482 1083 nostrum
499 1021 559 1098 est,
585 1023 618 1080 11
632 1023 726 1100 petra
742 1017 890 1083 scandali
908 1019 972 1083 dici
989 1023 1131 1102 poterat,
1156 1038 1190 1082 se
1206 1016 1336 1099 penitus
1352 1013 1463 1080 facere

333 1130 535 1204 recusarunt,
552 1125 764 1207 persistentes
775 1127 808 1191 in
819 1128 963 1192 ostinato
973 1125 1153 1210 proposito,
1169 1123 1311 1206 indignis
1321 1144 1361 1187 ac
1372 1144 1465 1205 spur-

332 1234 467 1300 cissimis
492 1233 599 1298 verbis
626 1240 658 1296 et
684 1232 780 1298 factis
807 1255 867 1298 nos
884 1234 1029 1317 quotidie
1046 1238 1271 1316 provocantes.
1296 1231 1463 1296 Processit

334 1343 376 1408 ob
401 1340 444 1422 id,
473 1339 561 1420 quod
587 1341 761 1406 nonnullos
787 1343 915 1422 equites
932 1365 972 1406 ex
988 1341 1109 1405 nostris
1125 1341 1271 1404 misimus
1287 1360 1389 1422 prope
1406 1339 1466 1404 illa

308 1492 312 1502 ·
333 1447 481 1526 confinia,
508 1448 563 1529 qui
589 1468 685 1531 super
711 1456 824 1514 nostro
841 1455 962 1514 stratas
979 1449 1190 1529 custodirent,
1217 1447 1403 1530 neminique
1419 1447 1467 1510 in-

333 1557 457 1622 ferrent
481 1556 645 1639 injuriam,
677 1555 733 1621 sed
757 1564 794 1622 ut
819 1555 1014 1638 Musulachi,
1045 1577 1110 1620 non
1137 1561 1329 1637 cogerentur
1355 1560 1467 1636 preter

336 1665 416 1730 velle
446 1685 549 1744 suum,
577 1685 650 1727 cum
665 1663 861 1730 victualibus
878 1665 981 1748 magis
998 1663 1041 1728 ad
1057 1686 1165 1742 unum,
1192 1663 1290 1746 quam
1306 1661 1350 1726 ad
1366 1663 1469 1727 alium

335 1770 444 1837 locum
469 1792 503 1835 se
529 1770 687 1852 conferre,
713 1771 898 1853 Tergestini
925 1771 1167 1836 insolentissimi
1193 1769 1338 1851 quadam
1364 1770 1418 1834 die
1433 1772 1469 1834 in

336 1885 466 1944 nostros
493 1878 620 1958 equites
646 1884 679 1943 et
704 1899 802 1960 super
827 1887 940 1944 nostro
965 1879 1110 1944 fecerunt
1136 1878 1302 1956 insultum,
1329 1901 1469 1962 quorum

337 1986 483 2072 plerique
510 1984 670 2050 vulnerati
697 1993 729 2050 et
754 1987 856 2068 aliqui
874 1987 1055 2059 1111111111
1072 1992 1155 2065 sunt,
1172 1987 1258 2049 inter
1276 2007 1356 2068 quos
1373 1986 1470 2050 armi-

339 2113 452 2178 gerum
479 2093 652 2175 quemdam
678 2100 835 2175 nostrum,
856 2095 925 2178 jam
942 2094 984 2158 ab
1002 2095 1047 2158 eis
1064 2100 1204 2176 captum,
1230 2094 1471 2176 spoliatumque
1544 2119 1548 2121 ·

339 2203 446 2285 1111111,
473 2208 506 2266 11
532 2202 607 2266 11111
624 2202 771 2266 omnibus
787 2202 876 2266 mille
892 2201 1080 2268 vulneribus
1097 2203 1296 2281 sauciarunt,
1322 2207 1352 2266 11
1369 2203 1402 2265 11
1418 2207 1472 2266 tot
1506 2195 1511 2200 ’

339 2311 463 2375 frustra
488 2309 700 2390 trucidarunt,
726 2316 763 2373 ut
788 2312 815 2374 si
841 2333 861 2375 1
883 2311 1004 2378 nostris
1021 2315 1134 2392 postea
1151 2311 1264 2392 accipi,
1290 2315 1324 2372 11
1340 2309 1471 2392 sepeliri

341 2420 454 2501 voluit,
480 2438 560 2501 opus
585 2417 657 2496 fuit,
684 2416 771 2500 quod
796 2439 913 2500 corpus
938 2417 1019 2482 illud
1035 2418 1069 2481 in
1089 2423 1140 2481 tot
1155 2423 1265 2498 partes
1282 2416 1421 2480 divisum
1437 2416 1472 2478 in

343 2527 484 2610 quodam
510 2546 604 2589 sacco
621 2525 836 2608 colligeretur,
862 2525 1130 2608 sepelireturque.
1162 2523 1229 2587 Res
1247 2523 1378 2604 quidem
1393 2523 1471 2586 hor-

343 2634 453 2712 renda,
474 2639 506 2696 et
521 2637 558 2696 ut
574 2635 621 2696 ita
637 2631 819 2716 dixerimus,
837 2656 856 2698 a
878 2633 993 2697 Turcis
1010 2633 1184 2698 sevissimis
1203 2631 1318 2696 aliena.
1335 2631 1473 2696 1111111-

345 2740 399 2805 1111
415 2742 527 2822 itaque
544 2745 577 2802 et
592 2741 762 2822 provocati
778 2746 828 2804 tot
845 2741 1049 2805 contumeliis
1066 2747 1098 2804 et
1113 2740 1253 2821 iniuriis,
1271 2738 1314 2804 ad
1330 2760 1368 2802 ea
1384 2739 1472 2820 pulsi

343 2847 538 2930 devenimus,
556 2867 618 2930 que
635 2848 668 2910 in
684 2847 768 2912 hanc
784 2869 886 2930 usque
904 2849 990 2912 diem
1007 2854 1116 2913 secuta
1133 2853 1264 2928 111111
1282 2848 1309 2910 11
1323 2847 1474 2930 jamtan-

343 2958 416 3023 dem
442 2963 558 3022 contra
576 2954 788 3042 Tergestinus
810 2957 901 3038 justa
918 2978 1010 3022 arma
1032 2962 1143 3020 nostra
1160 2954 1393 3020 convertimus:
1419 2974 1475 3016 uc-

344 3066 462 3129 minem
484 3085 553 3128 esse
571 3061 739 3144 credimus
767 3065 821 3146 qui
837 3065 1035 3146 pacientiam
1051 3069 1197 3128 nostram
1213 3062 1400 3126 diuturnam
1418 3061 1474 3125 ad·

344 3172 457 3237 mirari
474 3193 539 3236 non
556 3172 675 3236 debeat
691 3193 729 3236 ao
740 3195 797 3236 nos
809 3173 842 3235 in
852 3173 954 3236 tantis
965 3194 1077 3238 eorum
1087 3171 1267 3236 insolentiis
1275 3167 1476 3254 justificatos

342 3280 415 3362 jure
442 3279 564 3361 optimo
581 3280 719 3345 laudare
735 3303 800 3344 non
817 3279 943 3361 debeat,
973 3280 1246 3363 quemadmodum
1263 3278 1362 3342 etiam
1377 3277 1477 3360 impe-

345 3387 504 3451 ratoriam
520 3386 734 3469 Majestatem
759 3387 809 3451 his
837 3393 869 3450 et
897 3385 1478 3467 1111111111111111111111’1111111111-

345 3513 417 3557 rum
443 3494 625 3559 excessibus
651 3494 834 3574 intellectis,
864 3517 922 3577 pro
949 3516 1007 3560 sua
1024 3495 1185 3577 sapientia
1201 3501 1233 3558 et
1250 3495 1396 3576 equitate
1412 3493 1478 3558 fac·

346 3609 454 3666 turam
471 3623 621 3668 essenon
639 3603 835 3669 dubitamus,

456 3707 512 3776 Ad
529 3717 656 3794 partem
673 3711 857 3777 differentis
873 3712 1011 3793 vigentis
1028 3713 1113 3776 inter
1128 3708 1393 3776 illustrissimum
1409 3709 1478 3776 Do·

349 3819 471 3882 minum
504 3817 631 3884 Ducem
658 3817 904 3902 sigismundum
930 3816 1070 3884 Austris
1102 3823 1134 3882 et
1159 3818 1477 3884 Reverendissimum

350 3925 559 3991 Cardinalem
570 3927 797 3993 Brixinensem
814 3927 961 4010 profecto
980 3929 1086 3993 dicere
1107 3948 1171 3992 non
1182 3947 1359 4010 possemus,
1377 3947 1480 4008 quan·

348 4040 418 4097 tum
429 4055 557 4116 semper
568 4034 758 4099 scandalum
769 4034 857 4100 istud
868 4036 1002 4101 moleste
1012 4034 1480 4118 tulerimuS,proquosedando

350 4148 383 4205 et
393 4141 625 4223 componendo,
642 4147 679 4206 11
690 4141 813 4208 Orator
824 4143 893 4226 ipse
910 4143 1018 4226 potuit
1033 4142 1224 4224 intelligere,
1241 4160 1300 4206 nec
1309 4141 1480 4208 laboribus

350 4247 435 4331 ullis,
461 4268 521 4312 nec
547 4250 776 4332 experimentis
792 4252 1003 4334 percepimus,
1033 4251 1201 4315 mittentes
1217 4249 1362 4332 Legatos
1379 4251 1481 4316 11111-

351 4361 452 4434 11111,
468 4361 501 4420 11
517 4357 600 4420 nihil
616 4357 744 4422 demum
760 4359 1039 4441 pretermittentes
1054 4364 1122 4423 tam
1139 4379 1212 4422 cum
1227 4356 1378 4421 Romano
1397 4357 1481 4422 Pon-

352 4461 447 4544 tifice,
473 4485 571 4545 quam
597 4465 701 4545 aliter,
728 4465 814 4548 quod
841 4465 972 4530 anobis
989 4465 1059 4531 fieri
1076 4467 1230 4550 potuerit.
1256 4462 1405 4547 Cumque
1422 4484 1480 4548 pro
