3256 5304
704 408 939 458 maronicum
955 393 1124 454 1111111111.

882 640 953 702 128.

355 805 449 868 1463.
467 802 495 866 Α
513 800 663 864 celerasset
678 801 896 864 cillonztuua'cs
912 801 1103 863 datdroaata
1120 823 1141 862 a
1158 797 1207 859 De
1219 799 1309 862 Luca
1320 796 1486 860 Demoleos

354 909 653 996 Mapparorequba
671 907 794 972 caldore
808 909 914 992 popei
930 907 1018 970 tener
1044 905 1320 990 eldtcrjcszttseire
1346 903 1486 968 aclaado'

751 1016 864 1080 1111111
890 1013 1083 1100 1119311111.

354 1208 716 1279 procederemus
733 1217 853 1294 quarto
870 1209 964 1293 Maij.

462 1319 558 1406 Quod
573 1321 616 1387 ad
632 1321 911 1404 particularitates
928 1321 1096 1403 expositas
1112 1341 1170 1403 per
1186 1319 1366 1385 Dominum
1375 1316 1489 1382 Domi-

355 1430 461 1494 nioum
478 1428 518 1494 de
535 1429 627 1495 Luca
644 1428 820 1496 Oratorem
837 1427 963 1493 Summi
980 1427 1151 1493 Pontificis
1177 1427 1437 1511 proficiscentem
1453 1427 1489 1490 in

355 1536 573 1619 Huugariam,
590 1538 677 1602 sicut
702 1559 760 1620 per
786 1536 1033 1604 Serenissimum
1056 1534 1234 1601 Dominum
1259 1534 1387 1600 Ducem
1413 1531 1490 1600 huio

357 1643 493 1710 oonsilio
509 1645 650 1710 relatum
667 1650 726 1728 est,
746 1646 992 1728 respondeatur.

464 1751 561 1836 Quod
573 1753 802 1836 intelleximus,
819 1761 976 1837 quantum
988 1753 1075 1818 idem
1087 1754 1210 1820 Orator
1220 1753 1313 1818 nobis
1324 1751 1489 1836 exposuit,

356 1860 576 1943 habemusque
592 1881 727 1942 magnas
744 1862 868 1944 gratias
882 1861 1024 1927 Romani
1044 1858 1215 1925 Pontificis
1231 1881 1291 1943 pro
1308 1859 1488 1925 eommuni-

357 1967 541 2033 eationibus
567 1968 632 2032 suis
657 1967 823 2034 nobiscum
849 1969 953 2048 factis,
973 1989 1098 2052 proque
1115 1989 1154 2034 ea
1169 1969 1256 2033 bona
1273 1967 1491 2050 dispositione

358 2081 391 2139 et
407 2074 532 2158 optima
548 2080 665 2153 mente,
692 2094 791 2156 quam
808 2075 922 2140 retulit
938 2076 1031 2140 nobis
1048 2074 1294 2140 Beatitudinem
1311 2071 1416 2140 Suam
1432 2075 1491 2139 ha-

357 2184 434 2249 bere
450 2180 492 2247 ad
508 2201 561 2246 res
576 2181 662 2262 fidei,
678 2187 780 2264 utque
796 2203 931 2265 regnum
958 2181 1130 2265 Hungarie
1155 2182 1198 2246 ab
1223 2181 1490 2266 oppressionibus
1607 2239 1614 2262 ,

361 2289 544 2355 'lurcorum
560 2290 667 2354 valeat
694 2291 888 2369 conservari,
920 2289 1022 2372 inqua
1047 2310 1082 2354 re
1105 2296 1277 2372 tantopere
1302 2289 1493 2354 necessaria

358 2396 573 2464 Sanctitatem
592 2395 691 2463 Suam
713 2419 909 2481 magnopere
934 2397 1105 2463 laudamus
1130 2402 1164 2462 et
1189 2401 1350 2481 quantum
1375 2409 1490 2480 possu-

356 2524 428 2569 mus
445 2507 714 2586 commendamus,
731 2527 807 2571 nam
826 2528 865 2570 ex
881 2506 941 2587 his,
967 2526 1029 2588 que
1046 2505 1208 2571 habentur
1223 2505 1372 2589 pericula
1390 2504 1485 2570 Hun-

358 2613 461 2694 garie,
478 2616 524 2676 sic
543 2614 723 2694 requirunt.

466 2715 563 2784 Circa
579 2725 705 2802 partem
721 2723 932 2802 pecuniarum
950 2721 1104 2787 Ornoiate
1121 2722 1343 2788 debendarum
1359 2723 1394 2786 iu
1412 2721 1486 2786 sub-

358 2827 475 2892 sidium
491 2827 592 2910 Regis
609 2829 747 2894 Bossine
764 2829 909 2911 dicimus,
926 2830 1014 2912 quod
1031 2831 1081 2896 his
1096 2831 1190 2896 annis
1205 2828 1429 2914 superioribus
1446 2827 1489 2894 ad

275 3009 278 3014 Δ
356 2936 602 3019 requisitionem
619 2943 652 3000 et
669 2927 862 3001 instantiam
877 2936 1019 3002 Romani
1037 2937 1209 3004 Pontificis
1222 2936 1341 3004 Oalisti
1351 2943 1385 3002 et
1401 2957 1487 3001 1111111

359 3043 458 3106 etiam
482 3043 628 3108 moderni
645 3043 815 3108 Pontifiois
830 3044 969 3108 Maximi
994 3047 1129 3128 pecunie
1157 3047 1226 3128 ipse
1250 3052 1319 3110 tam
1344 3045 1490 3128 partium

358 3149 534 3230 Dalmatie,
552 3171 650 3232 quam
666 3149 766 3216 Istrie
783 3157 815 3215 et
831 3151 1168 3236 aliundedispeusate
1193 3159 1227 3219 et
1252 3153 1377 3219 tradite
1405 3155 1490 3231 sunt,

360 3256 399 3322 de
417 3256 533 3339 quibus
551 3257 682 3339 quidem
698 3260 842 3340 pecuniis
862 3260 938 3324 licet
962 3261 1099 3326 fuissent
1113 3260 1206 3326 nobis
1231 3259 1408 3326 admodum
1433 3279 1487 3322 ne-

361 3363 496 3428 cessarie
521 3385 580 3446 pro
607 3363 718 3448 classe,
744 3387 842 3449 quam
874 3366 1027 3433 continue
1051 3375 1198 3434 tenemus
1229 3369 1272 3434 ad
1300 3367 1489 3450 oppositum

360 3470 494 3552 Turehi,
505 3470 624 3536 fuimus
635 3480 742 3536 tamen
755 3477 899 3538 contenti
908 3475 1069 3541 voluntati
1078 3477 1224 3558 ipsorum
1233 3475 1327 3540 Rom.
1339 3473 1491 3538 Pontifici
1557 3521 1563 3526 -

359 3598 482 3642 morem
497 3599 620 3661 gerere,
646 3581 859 3661 ultimateque
876 3583 1025 3648 videlicet
1049 3583 1145 3650 modo
1171 3591 1248 3648 sunt
1271 3589 1339 3648 tres
1365 3601 1490 3647 menses
1547 3661 1553 3666 ¹

358 3686 409 3750 vel
424 3686 510 3750 circa
527 3686 613 3768 quod
626 3687 720 3770 juxta
736 3688 833 3753 breve
861 3695 894 3753 et
919 3689 1046 3756 litteras
1072 3689 1198 3755 Summi
1222 3689 1392 3754 Pontificio
1418 3689 1490 3754 dari

358 3794 491 3858 fecimus
532 3794 668 3860 ducatos
711 3802 880 3860 sexcentos
915 3795 1056 3863 Domino
1089 3797 1262 3868 Leonardo
1294 3799 1333 3863 de
1367 3795 1491 3863 Sancta

358 3901 487 3984 Maura,
505 3924 568 3985 que
583 3923 707 3968 summa
724 3910 895 3987 supererat
912 3927 951 3969 ex
967 3907 1055 3971 omni
1071 3908 1257 3990 quant-itate
1282 3905 1424 3972 collecta
1441 3929 1490 3972 ra-

359 4012 447 4076 tione
464 4011 621 4094 predicta,
639 4012 686 4076 ita
702 4017 738 4075 ut
753 4011 836 4075 nihil
861 4013 1000 4096 amplius
1026 4015 1157 4080 omniuo
1182 4016 1393 4098 pecuniarum
1419 4037 1490 4099 pre·

359 4118 528 4200 dictarum,
544 4119 663 4184 alicubi
680 4120 738 4186 sub
758 4119 900 4184 dominio
927 4127 1038 4186 nostro
1064 4128 1178 4187 restat.
1203 4123 1248 4187 Et
1275 4123 1303 4186 si
1329 4124 1378 4188 ita
1404 4145 1486 4207 opus

361 4227 433 4308 erit,
450 4225 634 4292 declaretur
650 4226 714 4291 sibi
731 4227 764 4291 in
781 4229 973 4310 particulari
990 4251 1041 4293 res
1058 4231 1130 4312 ista,
1158 4231 1241 4294 sicut
1266 4230 1405 4312 collegio
1431 4231 1492 4313 uti-

360 4335 422 4399 lius
438 4333 611 4399 videbitur.
1382 4401 1393 4414 ,
1426 4332 1428 4335 ⁵
1494 4413 1498 4420 .

467 4439 523 4505 Ad
539 4441 581 4522 id,
606 4442 693 4524 quod
718 4444 827 4525 tangit
841 4441 967 4526 Regem
983 4443 1141 4508 Bohemie
1168 4450 1200 4509 et
1226 4445 1409 4533 adventum,
1428 4447 1489 4513 huc

362 4547 493 4620 Domini
511 4548 648 4616 Antonii
666 4551 705 4614 de
723 4550 963 4638 Gratianopoli,
981 4553 1125 4636 dicimus,
1142 4553 1229 4642 quod
1245 4555 1332 4619 venit
1348 4554 1421 4624 oum
1437 4555 1488 4624 lit·
