3292 5310
657 373 752 437 1459.
1230 383 1271 445 55

142 544 294 609 oratores
318 541 381 625 ipsi
407 544 517 609 multis
543 548 650 613 verbis
678 556 711 615 et
742 535 1029 636 justificationibus
1061 557 1270 640 quesiverunt

139 645 351 716 inhonestare
367 647 615 720 Sereuissimum
630 655 852 724 Romanorum
868 661 1117 746 Imperatorem,
1142 669 1212 730 tam
1237 667 1270 730 in

141 757 331 839 occupando
346 759 503 826 nonnulla
518 761 589 828 loca
605 767 791 848 spectantia
800 765 917 853 Regno
929 771 1110 855 Hungarie,
1127 791 1225 854 quam
1235 773 1269 837 in

140 866 347 944 procurando
362 866 466 934 modis
483 870 640 956 omnibus,
662 876 862 941 eversionem
879 883 911 942 et
926 879 1053 945 ruinam
1070 880 1148 946 dicti
1164 881 1267 963 Regis

139 971 271 1037 Mathie
294 978 408 1040 contra
431 975 482 1042 sas
506 983 539 1042 et
562 977 635 1062 JuS,
659 983 887 1067 petieruntque
912 984 1044 1052 tandem
1069 987 1167 1053 etiam
1183 987 1269 1054 cirea

139 1079 227 1146 huno
252 1085 381 1164 partem
405 1085 552 1167 presidia
578 1094 610 1152 et
634 1087 763 1156 favores
789 1098 926 1158 nostros.
969 1092 1096 1177 Quarto
1123 1094 1269 1160 lecerunt

137 1187 234 1254 nobis
250 1189 426 1273 plurimum
444 1197 704 1263 commendatum
722 1197 935 1282 Magnificum
952 1197 1115 1267 Comitem
1132 1199 1268 1285 Stepha-

136 1317 215 1360 num
233 1293 340 1381 Segne
357 1305 389 1364 et
413 1297 541 1383 fratrea,
567 1324 641 1368 suos
664 1309 701 1370 ut
726 1327 994 1391 prosequeremur
1021 1329 1075 1374 eos
1101 1308 1267 1375 favoribus

135 1404 269 1485 nostris,
293 1409 362 1471 tum
388 1406 429 1473 ob
446 1415 587 1475 veterem
605 1431 715 1477 eorum
733 1413 774 1478 ad
792 1435 851 1479 nos
868 1413 1081 1498 affectionem,
1104 1421 1173 1481 tum
1189 1417 1266 1500 quia

135 1511 276 1577 multum
302 1513 447 1580 benevoli
473 1523 568 1583 erant
592 1518 694 1601 Regis
719 1520 872 1603 ejusdem,
897 1522 1033 1589 subinde
1060 1523 1158 1589 etiam
1183 1546 1267 1590 com·

134 1619 373 1686 mandaverunt
388 1623 481 1690 nobis
499 1624 738 1693 Oomunitatem
754 1629 903 1713 Ragusij.
926 1629 1053 1696 Ultimo
1068 1630 1151 1710 loco,
1178 1630 1266 1697 circa

134 1719 226 1792 lacta
251 1728 387 1795 Domini
414 1728 658 1816 Scanderbeghi
699 1737 896 1819 quamplura
930 1736 1082 1803 dixerunt
1107 1737 1200 1804 nobis
1231 1739 1265 1803 in

132 1834 448 1902 commendationem
475 1861 576 1922 suam,
600 1843 760 1924 quomodo
786 1843 859 1908 Rex
884 1845 955 1927 ipse
970 1846 1146 1928 Hungarie
1170 1846 1264 1911 intel·

132 1939 263 2007 lexerat
286 1942 374 2009 inter
399 1966 458 2012 nos
475 1952 508 2013 et
523 1969 596 2012 eum
611 1949 722 2032 vigere
741 1957 863 2016 certam
879 1950 1084 2034 discordiam,
1110 1953 1261 2036 quodque

131 2046 406 2133 Scanderbeghus
422 2052 493 2137 ipse
510 2044 687 2138 significari
712 2057 835 2124 fecerat
850 2059 955 2142 Regie
970 2057 1151 2143 Majestati,
1177 2058 1264 2141 quod

130 2156 161 2221 si
185 2178 301 2239 pacem
327 2181 399 2224 oum
416 2161 525 2228 Turno
549 2164 721 2230 habiturus
746 2170 842 2246 esset,
865 2165 982 2233 liberet
1006 2166 1036 2232 ei
1056 2157 1261 2249 nonprete1·-

129 2264 274 2344 mittere,
291 2266 377 2350 quod
393 2268 427 2332 in
444 2289 483 2334 ea
504 2290 611 2336 secum
631 2270 860 2354 includeretur,
877 2273 904 2338 si
914 2273 1034 2340 bellum
1044 2296 1116 2340 cum
1127 2272 1259 2338 Turoho

130 2372 206 2437 Rex
230 2372 300 2458 ipse
325 2397 438 2458 gerere
463 2377 662 2461 intendebat,
694 2380 763 2462 ipse
789 2401 917 2465 quoque
941 2380 1020 2447 forti
1045 2385 1078 2446 et
1095 2380 1259 2446 constanti

130 2481 242 2546 animo
269 2482 303 2546 in
328 2481 414 2549 bello
439 2484 510 2568 ipso
535 2507 739 2570 perseverare
764 2488 895 2570 penitus
912 2484 1104 2570 disponebat
1121 2492 1185 2552 eto.
1202 2492 1261 2552 eet.

132 2586 509 2672 Respondentur:

240 2695 340 2782 Quod
366 2699 475 2766 dicere
500 2722 565 2768 non
589 2723 765 2785 possemus,
788 2722 887 2786 quam
902 2709 996 2787 grato
1011 2710 1044 2768 et
1060 2701 1258 2788 perjocundo

127 2804 239 2870 animo
250 2804 508 2873 intellexerimus
518 2809 605 2892 ipsos
615 2808 825 2876 Reverendos
835 2833 873 2876 ac
884 2809 1080 2894 Magnificos
1091 2809 1260 2887 Oratores,

129 2919 334 2978 concernunt
350 2913 434 2980 enim
450 2914 591 2998 Legatio
608 2923 641 2982 et
656 2919 755 2985 verba
771 2939 837 3001 sua,
863 2939 901 2984 ao
920 2916 1126 2984 Serenissimi
1148 2935 1259 2981 eorum

20 3059 25 3066 -
126 3017 231 3103 Regis
247 3020 368 3086 nedum
384 3020 540 3088 honorem
556 3023 671 3088 summi
681 3021 850 3089 Creatoris
867 3023 979 3106 nostri,
996 3023 1164 3089 sedetiam
1175 3043 1257 3088 com-

127 3127 229 3192 moda
247 3127 386 3193 salutem
409 3135 443 3195 et
468 3129 606 3213 gloriam
631 3129 805 3196 christiane
820 3131 995 3214 religionis,
1018 3130 1159 3214 licetque
1174 3129 1255 3196 nihil

126 3235 353 3318 acceperimus
363 3236 436 3302 novi
449 3237 488 3301 de
500 3237 657 3320 singulari
666 3239 700 3302 in
710 3260 768 3304 nos
779 3238 997 3305 benivolentia
1008 3244 1041 3304 et
1058 3259 1168 3304 amore
1184 3259 1257 3322 pre-

126 3343 222 3424 cipuo
238 3342 346 3426 Regis
361 3341 559 3428 Majestatis,
585 3345 745 3428 quomodo
770 3345 882 3412 multis
907 3346 1011 3412 modis
1034 3346 1069 3411 id
1089 3343 1178 3430 apud
1193 3365 1254 3410 nos

125 3449 427 3533 exploratissimum
443 3455 511 3533 est;
538 3472 641 3536 neque
657 3453 756 3518 etiam
774 3475 812 3518 ex
827 3453 1107 3519 memorianostra
1122 3451 1251 3529 excidit,

126 3578 182 3622 neo
208 3556 364 3622 excidere
389 3579 532 3640 unquam
557 3560 679 3642 poterit
696 3558 851 3625 cordialis
867 3559 1005 3640 affectio,
1033 3581 1096 3644 que
1113 3561 1202 3624 inter
1220 3557 1253 3625 S.

125 3663 266 3730 condam
283 3665 465 3747 genitorem
492 3687 583 3730 suum
607 3665 777 3734 recolende
802 3670 955 3734 memorie
979 3673 1012 3732 et
1027 3687 1086 3732 nos
1102 3667 1254 3731 continue

125 3771 249 3854 viguit:
276 3772 404 3854 agimus
430 3778 540 3837 tamen
555 3771 724 3856 Majestati
744 3795 801 3840 sue
817 3796 876 3858 pro
892 3769 1132 3841 humanissimis
1149 3772 1255 3838 verbis

124 3885 155 3943 et
173 3878 400 3945 oblationibus
416 3879 483 3944 suis
499 3900 609 3945 omnes
619 3901 675 3946 eas
685 3881 831 3965 ingentes
843 3883 979 3968 gratias,
990 3901 1071 3963 quas
1082 3897 1253 3961 possumus

124 3986 264 4067 parique
292 3987 401 4051 animo
427 3985 461 4050 in
486 3986 635 4052 omnibus
660 3990 928 4056 concernentibus
953 3986 1051 4050 decus
1067 3990 1101 4048 et
1115 3981 1255 4065 gloriam

126 4090 326 4156 Celsitudini
351 4089 419 4158 Sue
442 4075 601 4176 promptis
621 4095 736 4161 animis
761 4094 989 4179 paratissimos
1004 4110 1064 4156 nos
1080 4088 1253 4154 offerimus.

233 4197 335 4265 Circa
358 4205 489 4284 partem
514 4203 730 4284 pertinentem
755 4205 797 4268 ad
821 4202 946 4268 Turoos
972 4197 1071 4264 etad
1097 4196 1253 4280 optimam

127 4305 375 4389 dispositionem
391 4307 497 4390 Regie
507 4307 695 4393 Majestatis
705 4309 900 4394 procedendi
911 4311 1025 4373 contra
1035 4325 1088 4370 eos
1099 4303 1253 4369 dicimus:

127 4409 223 4496 Quod
241 4435 307 4480 non
324 4415 406 4480 satis
423 4437 462 4480 ex
478 4414 540 4482 hoo
558 4415 694 4483 laudare
714 4423 746 4482 et
756 4417 912 4484 extollere
921 4434 1016 4499 posse
1033 4408 1254 4494 cognoscimus

128 4515 347 4586 Serenitatem
359 4519 470 4602 Suam,
480 4541 543 4604 que
554 4543 681 4604 surorum
692 4525 849 4591 imitando
859 4521 1006 4609 vestigia,
1021 4517 1119 4587 veluti
1132 4515 1255 4588 (lutho-
