3256 5304
382 373 445 436 246
734 385 969 432 urruounozrnr
987 371 1154 428 1111111111.

380 547 681 617 Reverendissimus
707 551 804 628 pater
820 545 969 609 dominus
987 544 1171 626 Episcopus
1187 541 1371 606 Modrussie
1386 538 1517 604 11001-

383 657 484 739 bovie,
511 655 634 721 Orator
659 647 867 718 Serenissimi'
890 653 991 734 Regis
1019 650 1203 733 Huugarie,
1232 649 1287 732 qui
1304 649 1390 712 inter
1406 655 1518 713 cetera

383 765 555 849 explicavit
579 763 672 828 nobis
698 761 936 826 conclusionem
954 760 1040 824 dicte
1055 759 1129 840 lige,
1156 779 1255 840 quam
1272 757 1422 820 dominus
1437 779 1518 820 suus

383 873 572 939 ratificabat
588 878 622 937 11
637 870 847 962 approbabat
863 870 929 934 leto
946 871 1055 933 animo
1072 866 1271 946 etlibenter3
1288 865 1373 929 dixit
1383 887 1515 948 quoque

384 983 477 1048 nobis
494 981 580 1045 idem
590 977 723 1058 Orator,
737 977 826 1060 quod
842 978 991 1042 dominus
1008 999 1093 1057 suus,
1110 974 1324 1040 consideratis
1341 973 1517 1038 necessita-

383 1091 472 1155 tibus
499 1095 532 1153 et
558 1085 802 1153 calamitatibus
827 1086 917 1169 regni
943 1087 993 1150 sui
1010 1091 1043 1149 et
1059 1083 1324 1168 oppressionibus
1340 1082 1461 1146 dudum
1477 1081 1519 1144 il·

380 1199 456 1264 latis
473 1217 531 1280 per
547 1194 680 1276 Turcos,
697 1192 856 1277 cupiebat,
873 1194 1076 1276 rogabatque
1093 1215 1162 1274 101,
1179 1196 1216 1255 11
1232 1191 1272 1254 de
1288 1191 1400 1256 favore
1416 1211 1518 1272 pecu-

381 1306 508 1369 niarum
533 1302 595 1367 sibi
615 1301 874 1385 provideremus
907 1323 979 1364 oum
1005 1301 1121 1382 quibus
1147 1299 1272 1378 melius,
1303 1297 1516 1378 validiusque

374 1419 494 1496 posset
510 1411 617 1476 facere
633 1417 748 1476 contra
766 1409 916 1474 Turcum.
932 1409 1003 1474 Nos
1019 1409 1061 1474 ad
1077 1409 1218 1491 primam
1233 1414 1365 1491 partem
1379 1428 1516 1489 respon-

382 1520 496 1598 dimus,
527 1519 727 1583 Paternitati
753 1517 818 1583 Sue
843 1518 876 1581 in
901 1519 987 1584 bona
1012 1522 1046 1581 11
1070 1523 1168 1600 grata
1193 1519 1298 1582 forma
1329 1514 1513 1594 verborum,

383 1629 537 1709 quodque
554 1627 596 1692 ad
612 1627 713 1709 ligam
730 1627 961 1692 deveneramus
978 1625 1212 1710 perfectissimo
1229 1624 1346 1703 anime,
1362 1623 1517 1706 dispositi

382 1740 538 1817 perpetuo
562 1735 596 1798 in
622 1756 670 1814 ea,
695 1735 792 1817 inque
809 1734 969 1816 singulari
990 1755 1100 1798 amore
1117 1739 1150 1798 et
1165 1731 1337 1798 affectione
1354 1754 1428 1796 cum
1445 1731 1517 1798 Sua

382 1841 560 1926 Majestate
586 1862 801 1925 perseverare.
835 1839 891 1907 Ad
917 1841 1093 1906 secundam
1108 1844 1237 1924 partem
1252 1840 1518 1904 commemoravi-

383 1970 454 2013 mus
481 1950 688 2032 gravissimas
713 1956 746 2014 et
771 1971 853 2033 pene
879 1943 1088 2014 incredibiles
1115 1969 1271 2032 expensas
1297 1953 1429 2013 nostras
1454 1971 1518 2032 per

382 2057 563 2142 ingressum
588 2066 735 2124 nostrum
759 2062 793 2123 11
818 2065 931 2142 aperto
957 2059 1044 2124 bello
1070 2080 1142 2122 oum
1168 2057 1286 2139 Turco,
1311 2079 1372 2140 que
1397 2079 1518 2122 revera

383 2165 584 2231 excedebant
609 2189 767 2232 summam
789 2166 979 2258 ducatorum
995 2171 1220 2232 sexcentorum
1237 2165 1373 2232 millium
1391 2187 1520 2230 annua-

381 2275 449 2355 tim,
466 2295 505 2340 ex
522 2275 638 2355 quibus
653 2275 839 2358 rogavimus
855 2273 1066 2360 Majestatem
1080 2274 1187 2356 Suam,
1213 2279 1251 2338 ut
1266 2296 1325 2338 nos
1342 2279 1519 2357 supporta-

383 2388 434 2446 tos
451 2381 598 2448 haberet.
622 2381 823 2452 Miseramus
845 2382 966 2447 multas
982 2388 1096 2468 gentes
1113 2387 1279 2465 equestres
1296 2387 1329 2446 et
1345 2380 1521 2464 pedestres

383 2511 422 2554 ex
438 2490 540 2555 Italia
558 2496 671 2555 contra
687 2490 814 2556 hostem
833 2511 1008 2573 comunem,
1037 2488 1237 2555 habebamus
1253 2489 1521 2571 potentissimam

382 2596 517 2660 classem
543 2603 658 2662 101111
684 2619 765 2680 eum,
790 2597 942 2663 continue
968 2596 1165 2679 augebamus
1190 2597 1275 2660 vires
1301 2601 1428 2660 nostras
1443 2603 1522 2665 tam

383 2702 474 2782 mari,
499 2723 597 2786 quam
622 2709 722 2786 terra,
747 2711 784 2769 ut
810 2705 898 2770 omni
913 2726 951 2769 ex
967 2710 1063 2789 parte
1079 2703 1290 2770 exterminari
1306 2710 1424 2787 posset.
1448 2705 1523 2771 Isti

382 2808 575 2876 videbantur
600 2811 694 2878 uobis
721 2813 832 2894 magni
851 2811 979 2877 favores
996 2811 1060 2878 Sue
1076 2811 1264 2892 Serenitati,
1290 2835 1388 2895 quum
1405 2812 1520 2879 hostis

381 2921 465 2986 vires
492 2941 566 2985 suas
593 2920 752 2987 divertere
779 2921 891 3004 pulsus
909 2927 989 3002 erat,
1014 2927 1047 2984 11
1061 2942 1121 3003 per
1136 2940 1335 3003 consequens
1350 2920 1520 3004 Majestas

383 3029 451 3096 Sua
477 3029 593 3095 melius
620 3036 653 3095 et
679 3030 877 3095 commodius
905 3028 1071 3094 exlatere
1097 3049 1154 3093 suo
1172 3029 1233 3123 sibi
1249 3029 1370 3094 bellum
1387 3029 1516 3098 inferre

380 3143 498 3222 posset.
1133 3207 1134 3210 ,

488 3243 653 3310 Memores
680 3267 789 3311 sumus
815 3246 981 3329 scripsisse
1013 3244 1104 3310 vobis
1130 3243 1222 3326 alias,
1254 3245 1344 3326 quod
1375 3250 1519 3314 attentis

381 3354 507 3436 magnis
523 3355 729 3436 processibus
747 3355 855 3438 Turci,
881 3361 949 3419 tam
966 3355 998 3418 in
1014 3375 1115 3438 regno
1132 3354 1280 3434 Bossine,
1306 3377 1403 3438 quam
1420 3355 1518 3439 alibi,

381 3461 642 3545 dubitantesque,
660 3463 746 3544 quod
762 3484 815 3527 res
832 3463 888 3527 ille
904 3485 969 3527 non
986 3463 1160 3528 tenderent
1175 3463 1208 3526 in
1219 3462 1312 3544 peius
1324 3463 1517 3528 aescientes

381 3569 576 3634 discordiam
603 3577 750 3635 exortam
775 3573 863 3636 inter
889 3571 1003 3636 ducem
1021 3568 1225 3653 Stephanum
1251 3575 1283 3634 et
1298 3567 1517 3638 Vladislaum

379 3678 482 3742 filium
498 3699 601 3759 suum,
619 3679 673 3760 qui
690 3677 858 3743 adhesisse
875 3679 1047 3744 videbatur
1064 3676 1179 3757 Turno,
1195 3682 1232 3741 ut
1247 3677 1367 3742 bellum
1382 3686 1517 3760 gereret

380 3790 493 3850 contra
503 3791 630 3868 patrem
641 3792 674 3850 et
685 3785 765 3851 alios
776 3785 986 3850 christianos:
1008 3786 1138 3850 mittere
1149 3784 1397 3850 deliberavimus
1407 3807 1514 3852 unum

371 3891 556 3958 Oratorem
571 3899 717 3958 nostrum
735 3893 777 3958 ad
793 3893 867 3958 illos
884 3893 1040 3975 dominos,
1066 3899 1104 3957 ut
1120 3895 1332 3977 experiemur,
1349 3893 1375 3958 si
1391 3915 1446 3958 101
1461 3895 1515 3960 in-

379 4003 482 4066 vicem
508 4001 707 4066 concordare
724 4023 902 4086 possemus
929 4006 962 4066 et
978 4003 1026 4066 ita
1042 4001 1185 4066 misimus
1201 4003 1307 4084 ipsum
1324 4000 1514 4086 Oratorem,

380 4109 435 4190 qui
461 4115 498 4174 ut
523 4132 625 4192 nuper
643 4111 737 4174 nobis
755 4110 895 4194 scripsit,
913 4107 1214 4174 11111111111111111111
1232 4111 1424 4193 composuit3
1451 4112 1514 4176 sed

380 4237 478 4298 quum
503 4217 588 4280 inter
615 4223 723 4282 cetera
748 4215 871 4283 Orator
896 4219 966 4301 ipse
992 4216 1106 4283 scribit
1122 4217 1284 4301 prefatum
1301 4217 1514 4285 Vladislaum

379 4325 559 4408 ingressum
585 4346 655 4390 esse
672 4325 706 4388 in
721 4325 904 4407 Bossinam,
930 4332 962 4390 et
979 4325 1152 4390 nonnullas
1169 4331 1274 4391 terras
1291 4333 1323 4390 et
1338 4328 1409 4392 loca
1425 4326 1514 4392 obti-

363 4432 497 4513 nuisse,
516 4431 747 4515 -publicarique
770 4433 853 4515 fecit,
887 4433 973 4516 quod
999 4433 1086 4498 istud
1112 4433 1189 4498 fecit
1215 4441 1248 4498 11
1273 4434 1353 4499 facit
1380 4437 1512 4501 nomine

379 4547 498 4624 nostro,
516 4540 609 4621 quasi
625 4541 746 4606 inferre
759 4544 877 4624 volens,
895 4540 981 4624 quod
998 4566 1056 4606 101
1073 4543 1304 4626 pretendamus
1320 4544 1361 4607 ad
1373 4565 1424 4607 res
1434 4543 1515 4609 illas
