3256 5304
634 374 727 448 rlcs.
934 397 937 406 ⁴
1182 387 1245 452 aus

115 553 197 617 teris
215 554 488 624 Christianissimi
513 561 615 644 Regis
641 561 779 626 Francie
805 584 842 626 ac
869 562 1154 629 serenissimorum
1185 565 1247 629 Re-

114 682 194 744 gum
211 665 378 746 Bohemie‚
395 673 426 731 et
443 668 601 750 Pollonie‚
628 677 659 734 et
685 671 796 736 multis
822 670 915 734 bonis
941 677 974 734 et
1000 673 1116 754 amplis
1141 674 1247 739 verbis

117 769 300 837 declaravit
316 774 409 839 nobis
427 778 581 859 optimam
608 777 861 861 dispositionem,
888 779 1077 862 fervensque
1103 781 1248 866 proposi-

25 917 29 924 ·
114 885 187 967 tum
202 881 347 963 ipsorum
364 883 555 968 Principum
586 885 715 953 volendi
741 887 916 969 procedere
933 893 1048 953 contra
1064 888 1150 953 hunc
1176 910 1248 954 cru·

115 987 164 1051 cis
181 987 318 1069 hostem,
345 1012 427 1073 quas
455 991 636 1058 oblationes
661 994 800 1058 libenter
825 993 1053 1075 intelleximus,
1078 1016 1137 1060 nec
1162 1017 1249 1080 sper-

119 1089 243 1159 nendas
260 1117 329 1161 esse
346 1096 426 1162 utile
443 1101 628 1181 putavimus
647 1100 742 1164 modo
755 1100 875 1182 aliquo,
886 1101 983 1164 sicuti
994 1102 1094 1165 etiam
1106 1101 1247 1167 diximus

116 1189 312 1269 soluendo
327 1205 471 1271 Domino
487 1207 651 1291 Episcopo
661 1208 828 1274 Feltrensi
845 1215 923 1273 tuno
939 1207 1026 1292 apud
1042 1227 1101 1273 nos
1113 1210 1248 1277 Oratori

118 1307 314 1378 Sanctitatis
333 1312 407 1397 Sue,
424 1336 462 1379 ao
478 1316 577 1381 etiam
595 1319 784 1401 scripsimus
801 1324 833 1382 et
850 1318 913 1384 dici
929 1317 1064 1384 fecimus
1081 1340 1140 1401 per
1164 1313 1248 1384 Ora-

116 1425 224 1485 torem
249 1428 397 1487 nostrum
423 1422 629 1490 Beatitudini
655 1424 728 1491 Sue.
775 1427 852 1493 Non
878 1425 1114 1506 inconveniens,
1149 1429 1247 1490 immo

115 1529 327 1594 benefactum
343 1551 412 1595 esse
428 1539 655 1614 reputaremus
671 1533 797 1598 favores
814 1540 847 1598 et
863 1535 1007 1616 presidia
1024 1535 1167 1600 omnium
1193 1553 1248 1617 po-

116 1641 304 1704 tentatuum
321 1637 456 1726 =habere
487 1660 580 1722 posse
612 1647 725 1706 contra
756 1640 925 1723 perfidiam
958 1640 1058 1706 Turci
1089 1643 1248 1724 potentis-

117 1746 193 1810 simi
212 1743 327 1810 hostis.

226 1850 284 1917 Ad
299 1851 423 1918 factum
438 1851 574 1919 Domini
591 1853 791 1938 Sigismundi
809 1857 849 1922 de
866 1857 1053 1922 Malatestis
1078 1856 1171 1939 plene
1197 1857 1245 1920 in-

117 1959 314 2042 telleximus,
339 1967 498 2044 quantum
524 1964 611 2027 circa
629 1964 738 2028 omnia
763 1965 858 2029 nobis
885 1965 976 2044 dixit,
1001 1964 1057 2030 sed
1084 1986 1184 2048 quum
1200 1971 1249 2030 est

117 2089 208 2132 mens
226 2089 318 2150 unus,
335 2089 374 2132 ex
391 2089 454 2151 quo
471 2071 605 2135 recessit
622 2069 664 2136 ab
690 2071 778 2151 urbe,
804 2092 855 2134 res
882 2071 937 2135 ille
962 2071 1099 2136 multum
1126 2072 1249 2137 variate

118 2183 205 2258 sunt,
221 2176 300 2259 quia
316 2177 401 2240 sicut
417 2177 598 2242 novissimis
614 2179 733 2242 litteris
751 2179 903 2244 Oratoris
920 2179 1024 2243 nostri
1039 2199 1139 2260 penes
1156 2175 1250 2243 Sum-

120 2306 209 2348 mum
232 2282 425 2348 Pontificem
451 2285 619 2349 existentis
645 2287 836 2368 accepimus,
863 2306 1031 2366 speramus
1058 2292 1090 2349 et
1116 2284 1248 2350 confidi-

121 2413 195 2456 mus
221 2391 255 2455 in
281 2391 455 2456 clementia
473 2398 506 2456 et
529 2390 733 2475 benignitate
759 2393 982 2458 Beatitudinis
1008 2391 1072 2457 Sue
1097 2413 1150 2457 res
1176 2391 1250 2458 illas

118 2499 255 2564 Domini
272 2497 471 2581 sigismundi
488 2520 546 2582 per
563 2501 649 2565 viam
675 2500 841 2565 concordii
857 2508 890 2565 et
907 2501 1024 2581 quietis
1049 2500 1248 2566 transituras

121 2629 192 2673 esse
210 2612 243 2672 et
260 2606 348 2688 quod
373 2607 603 2689 acceptabitur
617 2607 660 2671 ad
676 2609 819 2690 gratiam
834 2615 867 2672 et
882 2630 954 2674 curn
975 2607 1096 2674 honore
1124 2606 1251 2674 Summi

1 2723 2 2779 ὲ
49 2751 52 2756 ·
119 2714 294 2782 Pontificis
311 2714 535 2780 remanebitur
553 2716 656 2781 bonus
671 2715 757 2781 filius
773 2723 805 2781 et
817 2717 952 2782 servitor
970 2715 1162 2782 Sanctitatis
1173 2714 1239 2781 Sue

232 2821 294 2888 Ser
319 2821 442 2888 Paulos
466 2822 646 2904 Bernardo‚
673 2823 733 2890 Ser
749 2822 868 2892 Victor
894 2822 1051 2907 Oappello
1072 2822 1246 2908 Sapientes

121 2930 262 2998 Consilii
279 2930 391 2995 volunt
408 2930 451 2996 ad
466 2936 594 3014 partem
610 2929 773 2996 fustarum
788 2931 823 2996 in
838 2932 902 2996 hac
917 2929 1023 2996 forma
1040 2930 1248 3014 responderi:

228 3037 281 3103 De
297 3036 386 3103 facto
401 3035 563 3103 iustarum
579 3038 717 3103 duarum
734 3059 815 3120 quas
831 3037 1008 3104 Beatitudo
1025 3036 1095 3104 Sua
1122 3060 1251 3104 armare

119 3149 284 3232 disposuit
303 3145 544 3211 declarabimus
569 3146 781 3211 intentionem
806 3151 952 3211 nostram
979 3143 1114 3214 Oratori
1139 3154 1251 3212 nostro

119 3256 207 3341 apud
224 3255 324 3338 pedes
341 3253 563 3320 Beatitudinis
581 3252 646 3318 Sue
664 3255 824 3319 existenti.

227 3365 275 3429 Et
290 3385 330 3428 ex
354 3384 439 3426 nunc
465 3368 596 3443 captum
621 3362 673 3442 sit,
698 3362 787 3443 quod
812 3361 960 3444 predicto
978 3362 1114 3430 Oratori
1140 3368 1252 3427 nostro

118 3471 260 3538 intentio
277 3476 391 3536 nostra
417 3471 450 3534 in
476 3469 537 3534 hac
562 3469 700 3533 materia
725 3491 798 3533 cum
823 3468 929 3535 verbis
954 3475 986 3533 et
1011 3470 1194 3535 rumoribus
1219 3470 1253 3534 in

119 3586 217 3664 parte
247 3578 387 3644 aliorum
414 3575 605 3660 Sapientum
632 3578 801 3660 expressis
834 3583 867 3641 et
900 3577 929 3640 ei
961 3577 1192 3658 committatur,
1216 3583 1253 3641 ut

118 3693 217 3754 nacta
253 3685 500 3768 opportunitate
535 3691 676 3750 mentem
712 3684 898 3768 hujusmodi
931 3691 1079 3748 nostram
1110 3683 1254 3748 declaret

120 3795 256 3862 Summo
272 3793 436 3874 Pontifici,
463 3793 514 3860 cui
544 3792 682 3858 Oratori
706 3792 802 3858 detur
827 3795 926 3857 etiarn
951 3792 1073 3856 noticia
1099 3791 1138 3856 de
1163 3793 1253 3856 novis

120 3901 307 3986 Hungarie‚
322 3909 359 3966 ut
375 3921 413 3966 ea
429 3899 533 3966 eidem
550 3898 682 3966 Summo
700 3900 854 3965 Pontifici
869 3904 948 3964 nota
963 3897 1073 3963 faciat.

187 4041 193 4048 ·
229 4006 392 4093 Departe
459 4044 502 4055 -—
549 4045 592 4056 -
641 4013 692 4074 39.
1013 4001 1015 4004 ’

229 4116 282 4182 De
302 4139 367 4183 non
462 4151 505 4163 ·——
552 4153 595 4162 --
666 4122 693 4179 1.
732 4163 733 4170 1

231 4225 309 4291 Non
326 4225 445 4290 sinceri
462 4261 505 4272 —-
554 4262 590 4273 -
665 4227 693 4286 6.

230 4389 389 4451 (Velenczei
403 4385 584 4450 allamksnyv
600 4389 658 4435 149.
674 4385 704 4445 l.)

610 4563 648 4572 ..⁴-
673 4562 703 4570 ...
717 4561 767 4572 ...ς
