3292 5310
12 4625 17 4882 l

13 4903 175 5199 ,.

667 719 718 780 35.

128 888 225 951 1459.
248 887 404 953 Euboeae.
430 891 542 954 latoria
556 892 676 956 Taurois
693 893 839 958 docantat
849 895 961 981 kirtly
977 894 1105 982 Sfortia
1116 897 1255 962 Ferencz

123 995 267 1058 rnilaaoi
283 995 469 1080 fejedelmet
484 997 607 1081 fiduak
623 1000 647 1062 Ι
646 1001 807 1065 evaneat
824 1001 991 1088 cljcpyac'sc
1007 1005 1147 1090 ttpydbcu
1165 1006 1256 1069 tudd-

171 1103 266 1185 sitju,
283 1105 519 1188 epyszersme'ud
534 1109 573 1191 uj
587 1109 763 1193 bdzcaso'pi
779 1109 1058 1174 bsszcletttctcuclcet
1074 1111 1211 1196 illetdleq

567 1215 810 1299 pubutolodzilc.

234 1404 448 1473 Serenissimo
465 1415 498 1474 et
513 1410 591 1474 Exc.
609 1410 757 1494 Principi
774 1408 916 1476 Domino
932 1411 1110 1478 Francisco
1130 1412 1253 1481 Slortie

122 1510 187 1576 Dei
203 1515 313 1596 gratia
329 1513 532 1599 Vicecomiti,
549 1517 635 1582 Duci
652 1517 834 1583 Mediolani
850 1524 909 1584 eet.
927 1525 987 1584 ect.
1007 1518 1109 1603 Papio
1126 1518 1251 1604 Angle·

1 1641 2 1647 ¹
120 1621 233 1719 rieqne
251 1619 372 1687 Oomiti
387 1646 426 1688 ac
442 1621 602 1690 Oremone
618 1626 769 1691 Domino.
787 1623 939 1692 Stefanus
971 1626 1114 1692 Thomas
1139 1626 1252 1693 eadem

119 1729 184 1792 Dei
201 1731 310 1812 gratia
325 1730 399 1794 Rex
408 1730 517 1797 Bosne
528 1738 587 1797 ect.
600 1733 738 1798 salutem
755 1737 788 1798 et
803 1754 1034 1816 prosperorum
1045 1754 1250 1800 successuum

120 1837 276 1902 continua
300 1838 505 1903 incrementa.
533 1837 762 1923 Superioribus
797 1840 998 1924 temporibus
1023 1842 1066 1907 ad
1097 1840 1251 1908 Vestram

1 2023 2 2028 ἵ
120 1941 528 2029 SerenitatcmEgregium
539 1946 736 2013 acNobilem
746 1946 1199 2016 virumNicolaumJacobum
1210 1948 1250 2013 de

119 2053 287 2136 Tragurio
302 2053 433 2120 fidelem
449 2078 487 2120 ac
504 2056 660 2122 dilectum
675 2064 824 2122 nostrum
839 2057 873 2121 in
883 2057 1046 2139 legatione
1057 2077 1116 2139 pro
1128 2056 1249 2122 nostris

1 2203 2 2211 κ
118 2161 262 2242 negotiis
293 2163 495 2227 arduissimis
520 2165 719 2246 miseramus,
739 2164 927 2247 quiquidem
952 2159 1109 2229 Nicolaus
1137 2168 1249 2228 orator

1 2288 2 2298 ¹
118 2274 232 2334 noster
247 2271 346 2333 etiam
363 2271 530 2335 vobiscum
553 2277 731 2336 tractatum
756 2269 877 2336 fecerat
903 2293 1001 2337 causa
1026 2266 1248 2335 contrahende

119 2375 295 2441 affinitatis
312 2383 344 2442 et
360 2378 624 2461 desponsationis
641 2379 727 2443 inter
748 2378 904 2446 Vestram
928 2378 1028 2442 filiam
1044 2383 1077 2440 et
1101 2381 1248 2441 nostrum

117 2483 221 2549 filium
236 2485 405 2551 Illustrem
432 2483 613 2565 Staienum,
630 2507 685 2550 vos
711 2506 787 2550 vero
811 2492 979 2567 tamqnam
1005 2484 1155 2567 princeps
1180 2482 1248 2566 glo·

116 2592 315 2656 riosissimus
347 2599 380 2657 et
414 2593 662 2676 benignissimus
696 2592 915 2677 largissimam
949 2598 982 2657 ct
1012 2591 1246 2674 amplissimam

1 2701 4 2775 ’,
117 2699 273 2766 Vestram
289 2699 550 2766 benevolentiam
566 2722 605 2765 ac
622 2699 721 2765 filiam
739 2706 850 2765 nostro
861 2699 929 2765 filio
939 2698 1068 2783 prelato
1079 2698 1157 2763 dare
1168 2700 1247 2764 estis

116 2805 256 2889 polliciti
273 2829 331 2890 per
348 2808 486 2872 eundem
502 2815 647 2873 nostrum
664 2805 848 2889 Oratorem,
865 2827 924 2890 pro
941 2828 1006 2890 qua
1021 2828 1057 2870 ro
1072 2803 1164 2869 uobis
1189 2826 1247 2887 per

115 2915 232 2978 literas
247 2919 325 2979 tunc
340 2917 465 2999 gratias
481 2925 604 2998 egimus
620 2917 802 2996 immensas,
822 2915 1016 2979 denotantes
1042 2911 1144 2994 vebia,
1168 2931 1246 2992 qua-

3 3059 6 3082 ·
115 3020 191 3085 liter
208 3041 312 3104 usque
329 3022 504 3088 adventum
521 3025 620 3106 ipsius
636 3024 739 3088 nostri
751 3021 905 3088 Oratoris
921 3042 960 3085 ex
969 3018 1070 3083 Italia
1086 3015 1246 3101 quendam

3 3159 5 3224 3
115 3135 294 3196 tractatum
320 3130 592 3196 matrimonialem
618 3153 690 3196 uum
715 3128 888 3196 heredibus
914 3127 1058 3192 illustris
1081 3125 1244 3208 Principis

116 3239 284 3322 qnondam
299 3239 435 3306 Domini
451 3240 572 3306 Lazari
588 3239 728 3323 Despoti
744 3239 863 3304 Raecie
887 3238 1120 3320 inceperamus.
1150 3232 1243 3297 Tunc

115 3348 214 3412 etiam
232 3347 354 3415 Vestre
371 3345 548 3414 Serenitati
564 3347 806 3430 scripseramus,
822 3367 862 3410 ex
881 3365 944 3428 quo
960 3343 1059 3409 vestri
1075 3348 1124 3407 est
1143 3339 1243 3405 animi

114 3455 195 3519 velle
211 3453 311 3520 talem
327 3454 495 3520 nobiscum
511 3453 701 3520 contrahere
716 3452 973 3518 benevolentiam
998 3456 1032 3543 et
1057 3449 1244 3528 amicitiam,

116 3563 398 3645 qualitercumque
431 3564 537 3647 ipsum
571 3567 750 3627 tractatum
781 3558 1054 3624 matrimonialem
1079 3579 1152 3622 cum
1177 3555 1243 3619 illis

7 3735 8 3740 ,
116 3669 289 3736 heredibus
304 3672 425 3754 prefati
439 3669 580 3755 Despoti
595 3669 770 3736 dissolvere
785 3667 971 3750 poterimus,
988 3665 1153 3730 vobiscum
1169 3683 1244 3728 vero

7 3819 9 3880 ί
116 3778 321 3843 contrahere:
338 3778 372 3842 id
388 3785 456 3844 toto
472 3785 585 3844 nostro
601 3799 697 3861 posse
708 3775 903 3854 conabimur,
914 3779 946 3838 et
955 3773 1042 3856 quod
1053 3769 1244 3837 vobisbrevi

115 3893 226 3951 notum
245 3887 401 3951 faciemus
418 3884 578 3970 quidquid
593 3890 739 3952 secutum
754 3881 870 3948 exinde
885 3881 991 3947 luerit.
1006 3878 1102 3943 Nunc
1132 3877 1243 3958 itaque

115 3991 271 4062 Vestram
279 3993 442 4078 prefatam
452 3992 669 4060 Serenitatem
680 3991 851 4056 certiorem
861 3988 1005 4064 lacimuS,
1019 3983 1108 4066 quod
1118 3981 1243 4066 pridem

116 4100 261 4167 Illustris
287 4100 441 4167 Stefanus
465 4099 551 4164 filius
576 4105 685 4164 noster
710 4097 896 4163 carissimus
922 4093 955 4156 in
979 4095 1093 4155 octava
1116 4086 1242 4153 Pasche

118 4206 246 4273 Domini
272 4209 401 4291 accepit
425 4209 458 4272 in
482 4227 616 4272 uxorem
640 4203 741 4270 filiam
765 4200 885 4287 prelati
910 4196 1074 4282 quondam
1100 4194 1241 4276 Despoti

10 4371 11 4376 ,
117 4316 230 4382 Lazari
249 4323 284 4380 et
299 4321 406 4382 totum
422 4315 493 4400 ejus
510 4313 698 4380 Dominium
716 4314 749 4376 in
764 4307 941 4391 Hungarie
957 4312 989 4369 et
1004 4303 1138 4384 Rascia,
1154 4298 1242 4383 quod

119 4422 215 4489 Turci
231 4423 379 4488 nondum
395 4427 641 4507 occupaverant,
659 4419 807 4498 obtinuit,
823 4416 1052 4498 Despotusque
1067 4409 1173 4474 factus
1190 4411 1240 4472 est

119 4552 174 4612 per
191 4532 260 4598 Ser.
277 4532 466 4613 Principem
482 4529 658 4594 Dominum
673 4527 798 4607 Regem
814 4521 986 4605 Hungarie
1006 4518 1077 4582 loco
1100 4513 1242 4600 ejusdem

162 4671 223 4706 nort.
241 4669 323 4705 HUNG.
340 4669 407 4703 HlSl'.
424 4673 467 4685 ·“·
484 4664 552 4700 hora
570 4666 630 4700 ΒΚΤ.
646 4664 683 4699 IV·
1119 4630 1135 4676 4
