3268 5308
368 319 411 386 84
720 336 951 384 orrnouncnrnr
969 320 1139 383 aninumr.

366 499 540 582 presertim
565 497 700 564 moleste
726 498 861 580 tullerit,
881 497 968 581 quod
994 497 1106 562 Banus
1130 494 1256 560 Paulus
1283 511 1341 574 per
1358 487 1491 555 Celsitu-

367 603 478 672 dinem
489 603 642 674 Vestram
653 606 687 670 in
700 604 873 671 Oroaciam
882 606 1007 688 missua,
1024 604 1067 670 ad
1077 603 1240 668 novitates
1250 599 1323 664 illas
1333 597 1493 661 indebitas

368 719 484 778 contra
500 719 630 779 nostros
646 713 850 796 processerit,
866 716 984 778 etenim
1002 731 1188 795 quanquam
1204 707 1245 774 de
1260 727 1386 771 summa
1410 705 1494 787 equi-

368 824 439 886 tate
455 826 488 886 et
499 820 677 902 honestate,
694 818 798 902 deque
808 839 928 901 magna
939 818 1157 884 benivolentia
1170 816 1292 884 Vostre
1302 812 1494 879 Serenitatis

369 927 404 991 in
420 945 488 1007 nos,
516 927 599 991 nihil
615 928 834 1011 acceperimus
853 929 936 1008 novi,
963 927 1187 1010 gratissimum
1206 929 1315 990 tamen
1335 926 1367 986 et
1386 920 1496 1003 jucun·

371 1033 544 1099 dissimum
561 1033 654 1099 nobis
671 1033 742 1115 fuit,
759 1033 847 1116 quod
863 1032 1024 1100 Nuntium
1040 1054 1134 1098 suurn
1153 1030 1195 1096 ad
1211 1030 1341 1096 Beuum
1357 1025 1496 1093 Paulum

370 1139 501 1206 mittere
527 1139 715 1222 instituerit,
746 1147 783 1205 ut
799 1141 841 1205 ab
866 1140 1049 1205 inhonestis
1075 1137 1179 1204 modis
1203 1158 1263 1220 per
1288 1159 1360 1202 eum
1385 1137 1497 1202 hucus-

372 1267 435 1329 que
446 1247 583 1312 servatis
593 1247 762 1326 abstineat,
773 1268 853 1330 quos
870 1245 1043 1312 certissimi
1059 1267 1178 1327 sumus,
1194 1249 1304 1328 preter
1322 1245 1498 1324 scientiam,

368 1359 541 1436 preterque
568 1374 696 1421 omnem
721 1360 860 1422 mentem
879 1360 912 1420 et
931 1355 1144 1421 intentionem
1163 1351 1285 1420 Vestre
1306 1351 1498 1418 Serenitatis

372 1463 585 1544 processisse;
610 1484 683 1528 cum
709 1463 795 1532 enim
820 1463 979 1547 singulari
1005 1468 1039 1527 et
1063 1462 1217 1546 precipuo
1233 1461 1373 1544 quodam
1390 1481 1500 1525 amore

371 1567 638 1635 Illustrissimum
665 1570 831 1655 quondam
849 1567 1042 1636 Genitorem
1059 1567 1216 1636 Vestrum
1239 1568 1413 1634 recolende
1437 1589 1500 1632 me-

372 1677 476 1741 morie
488 1697 616 1759 semper
632 1678 796 1760 prosecuti
813 1678 979 1760 fuerimus,
995 1679 1043 1743 ita
1054 1685 1086 1745 et
1096 1679 1129 1743 in
1140 1677 1279 1762 Regiam
1289 1676 1500 1762 Majestatem

371 1781 528 1851 Vestram
544 1790 576 1848 et
590 1804 701 1850 omnes
718 1805 792 1851 suos
824 1806 954 1852 servare
971 1807 1097 1870 semper
1121 1785 1331 1866 intendimus,
1358 1807 1419 1851 nec
1444 1786 1500 1850 du-

371 1887 461 1954 bium
477 1889 580 1955 ullum
595 1889 752 1958 faciemus
770 1893 856 1958 hanc
880 1893 982 1975 ipsam
1010 1914 1091 1977 erga
1116 1914 1176 1958 nos
1202 1913 1272 1957 esse
1296 1897 1443 1958 mentem
1467 1898 1500 1956 et

370 1997 565 2063 sententiam
585 1997 797 2066 Oelsitudinis
813 1998 942 2082 Vestro,
957 1979 995 2066 ut
1011 2005 1124 2066 mutua
1149 2000 1210 2066 hec
1235 2005 1348 2066 nostra
1372 2000 1501 2066 benivo-

370 2104 474 2169 lentia
490 2110 522 2169 et
539 2105 684 2172 amicitia
699 2128 764 2172 non
780 2106 883 2173 solum
899 2111 1055 2191 perpetuo
1080 2113 1298 2188 conservetur,
1316 2107 1375 2171 sed
1401 2107 1498 2172 etiam

374 2210 483 2293 siquid
500 2213 675 2294 superaddi
689 2215 800 2297 possit,
816 2214 968 2280 continue
985 2214 1025 2279 de
1041 2213 1126 2281 bono
1142 2215 1176 2279 in
1193 2214 1308 2282 melius
1329 2219 1500 2298 augeatur.

479 2319 522 2404 ΔΓ
572 2324 633 2386 137
682 2357 724 2367 -
774 2324 789 2383 1
838 2357 882 2367 -
933 2325 960 2384 1.

478 2482 636 2543 (Velenczei
651 2482 830 2548 allamkdnyv
844 2485 885 2534 39.
898 2485 928 2546 l.)

857 2665 1014 2673 ...ῳ-..-

910 2864 961 2925 56.

374 3004 470 3068 1461.
491 3001 519 3066 Α
542 2977 694 3069 veienczei
720 3003 937 3069 attenuantes
963 3005 1151 3070 liutdrocota
1185 3029 1206 3070 a
1235 3007 1389 3092 Rozqoup
1420 3007 1500 3092 Ruj-

416 3110 555 3173 nolullroz
573 3113 605 3173 e's
622 3132 660 3171 uz
677 3111 801 3194 erddlpi
815 3111 971 3194 oojdcilroz
988 3112 1152 3176 inte‘zendd
1168 3112 1245 3176 leoc'l
1263 3112 1460 3197 tdrpyo'dan.

375 3283 631 3352 MOOOOLXI.
648 3285 700 3351 die
718 3286 819 3351 ΧΙΠ.
836 3289 963 3372 Martij.

486 3393 664 3478 Magnifico
700 3401 732 3461 et
763 3397 890 3479 potenti
920 3395 1064 3463 Domino
1096 3398 1262 3465 Rainoldo
1294 3399 1333 3463 de
1365 3398 1502 3483 Rozgon

374 3498 496 3564 Baroni
513 3500 697 3587 Hungarie,
714 3501 832 3569 Amico
848 3508 958 3570 nostro
974 3506 1151 3570 carissimo.

374 3603 546 3689 Sapientes
562 3605 697 3696 0⁰⁰³ffij
714 3617 748 3676 ei
847 3629 961 3714 Nuper
986 3630 1107 3696 litteris
1134 3627 1370 3715 Circumspecti
1390 3630 1502 3698 Secre·
1630 3669 1632 3674 ·

373 3804 412 3811 „-
415 3805 592 3812 ,,,,,,
591 3715 736 3814 gi-
753 3691 756 3802 i
802 3737 877 3821 tarij
895 3739 999 3804 nostri
1010 3738 1103 3804 Petri
1116 3739 1301 3824 Thomasij,
1314 3760 1412 3821 quem
1428 3742 1503 3806 mis·
1631 3819 1632 3826 ἵ

373 3837 474 3904 simus
490 3838 530 3903 ad
551 3838 798 3908 Serenissimum
818 3843 995 3911 Dominum
1011 3845 1136 3928 Regem
1146 3846 1330 3930 Hungarie,
1347 3849 1503 3914 certiores

373 3943 476 4012 effecti
495 3968 614 4029 sumus,
632 3951 719 4031 quod
730 3951 979 4036 Magnificentia
990 3952 1113 4021 Vestra
1128 3975 1187 4037 pro
1204 3975 1264 4019 sua
1281 3955 1315 4019 in
1331 3975 1390 4020 nos
1406 3953 1503 4020 affec·

372 4054 461 4120 tione
486 4061 519 4120 et
535 4055 755 4124 benivolentia
769 4081 834 4124 non
848 4060 972 4144 vulgari
988 4083 1061 4126 eum
1077 4061 1228 4127 continue
1246 4061 1406 4146 singulari
1427 4085 1504 4147 qua·

373 4160 448 4226 dam
473 4163 674 4232 humanitate
692 4173 725 4233 ct
751 4169 977 4253 precipuisque
993 4168 1158 4235 favoribus
1184 4176 1359 4255 prosecuta
1384 4178 1443 4255 est,
1469 4171 1504 4237 id

371 4267 520 4349 profecto
539 4272 739 4356 perjucundo
750 4281 783 4340 et
793 4277 979 4360 gratissimo
990 4279 1098 4342 animo
1109 4278 1337 4362 intelleximus,
1352 4280 1504 4361 proinde·

374 4393 437 4454 que
469 4375 714 4458 Magnificentie
731 4380 851 4450 Vestre
882 4387 1006 4468 gratias
1033 4383 1208 4452 immensas
1234 4385 1401 4470 habemus,
1430 4409 1503 4453 cum

373 4502 449 4572 vero
467 4483 589 4549 dudum
601 4488 882 4571 Magnificentiam
894 4491 1049 4561 Vestram
1060 4491 1101 4558 ob
1114 4493 1180 4577 ejus
1196 4494 1420 4578 prestantium,
1437 4498 1503 4566 exi·
