3314 5300
337 387 405 450 386.
690 400 926 450 orenouaoarar
942 387 1110 448 aurianam

337 567 467 649 siarum,
492 565 706 632 Decretorum
726 564 859 645 Doctor,
885 562 1008 629 Orator
1025 560 1231 627 Serenissimi
1248 561 1350 644 Regis
1367 556 1464 624 Hun-

338 673 440 756 garie,
465 673 508 738 ad
533 671 700 739 Summum
717 672 910 738 Pontificem
936 670 1140 756 profecturus
1165 691 1224 754 pro
1251 667 1468 753 impetrandis

337 781 492 865 subsidijs
509 783 587 847 anni
610 780 710 847 futuri
737 788 851 848 contra
869 781 1019 860 Turcum,
1045 779 1162 864 quibus
1178 777 1397 844 mediantibus
1415 799 1469 842 ex·

335 890 505 954 terminari
530 890 644 973 possit,
669 911 732 955 non
760 895 880 969 antem,
905 894 941 953 ut
967 887 1033 969 fiat,
1060 889 1145 953 siout
1173 886 1329 951 hactenus
1345 886 1470 950 factum

335 1005 394 1078 est,
419 1004 455 1062 ut
471 997 555 1062 sic'ut
570 998 689 1063 asserit
705 996 772 1064 Sua
787 996 960 1081 Majestas,
989 995 1087 1060 semel
1104 992 1146 1060 ab
1162 995 1233 1059 istis
1250 993 1419 1059 laboribus
1436 998 1469 1056 et

335 1105 495 1189 angustijs
516 1103 650 1170 liberari
666 1105 780 1188 possit,
805 1103 1079 1188 quemadmodum
1096 1125 1135 1168 ex
1151 1103 1246 1186 copia
1262 1100 1396 1166 effectus
1414 1122 1468 1165 ex-

335 1213 507 1296 positionis
524 1235 589 1294 sue,
605 1212 698 1278 nobis
715 1212 810 1294 facte,
828 1212 879 1279 his
895 1213 1060 1296 implicite,
1077 1211 1185 1276 videre
1201 1210 1362 1295 poteritis.
1394 1207 1468 1274 Nos

337 1342 465 1405 quoque
476 1321 679 1405 ipsiOratori
691 1321 887 1405 respondere
898 1319 1154 1400 deliberavimus,
1166 1319 1249 1384 sicut
1258 1340 1317 1403 per
1327 1317 1468 1402 copiam,

336 1451 432 1511 quam
449 1429 493 1494 ad
510 1429 700 1513 ampliorem
716 1428 978 1496 informationem
990 1429 1060 1512 jam
1070 1427 1122 1494 his
1132 1427 1288 1494 insertam
1297 1427 1470 1506 mittimus,

336 1535 469 1602 videbis.
485 1535 667 1602 Reddimur
682 1558 760 1604 vero
777 1537 866 1618 certi,
883 1536 971 1620 quod
982 1533 1105 1602 Orator
1121 1536 1199 1620 ipse,
1216 1535 1271 1619 qui
1285 1536 1356 1620 jam
1371 1535 1469 1600 bonis

337 1645 452 1710 diebus
477 1644 552 1710 hinc
578 1645 736 1725 discessit,
776 1649 851 1712 ante
877 1651 969 1710 tuum
1001 1644 1173 1728 appulsum
1198 1644 1348 1723 Romam,
1384 1643 1470 1706 istuc

335 1754 491 1837 attigerit,
517 1752 679 1835 fueritque
709 1775 781 1817 cum
807 1753 957 1820 Romano
974 1751 1143 1833 Pontifice,
1168 1773 1227 1836 pro
1254 1749 1470 1835 impetrandis

337 1861 469 1945 auxilijs
479 1858 663 1945 antedictis
680 1882 779 1944 quam
790 1861 830 1926 ob
841 1860 1075 1941 ramvolumus,
1093 1859 1179 1944 quod
1190 1859 1312 1944 abipso
1325 1859 1470 1940 Oratore

336 1967 518 2052 intelligere
543 1968 687 2050 studeas
713 1968 792 2051 quid
818 1969 887 2052 ipse
914 1969 1029 2035 fecerit
1054 1991 1126 2035 cum
1145 1966 1278 2034 Summo
1295 1963 1468 2048 Pontifice,

335 2077 422 2160 apud
439 2099 535 2160 quem
552 2077 708 2158 volumus,
726 2078 814 2162 quod
831 2099 957 2143 omnem
972 2077 1115 2144 favorem
1133 2078 1262 2144 nomine
1278 2082 1392 2141 nostro
1410 2075 1470 2138 im·

336 2183 475 2267 pendere
492 2182 610 2250 debeas
626 2184 689 2268 ipsi
706 2181 850 2266 Oratam,
867 2185 909 2251 ad
927 2185 1188 2269 patefaciendam
1204 2183 1469 2250 benevolentiam

339 2297 371 2356 et
389 2291 590 2358 affectionem
606 2298 753 2359 nostram
770 2293 804 2358 in
820 2292 1032 2378 Majestatem
1049 2293 1233 2380 Hungarie.

443 2399 566 2470 Verum
583 2402 609 2466 si
627 2423 648 2466 a
664 2399 981 2467 PontificeMaximo
997 2402 1174 2484 requisitus
1191 2421 1288 2484 esses,
1305 2422 1360 2466 seu
1380 2399 1468 2466 forte
1495 2445 1499 2452 -

335 2507 665 2575 aReverendissimis
683 2503 914 2575 Cardinalibus
941 2509 1137 2592 deputandis
1154 2530 1212 2594 per
1229 2530 1311 2591 eum,
1340 2507 1379 2572 de
1395 2527 1468 2592 pre-

336 2615 429 2699 sidijs
455 2623 488 2681 et
512 2615 678 2684 favoribus
703 2639 763 2701 per
780 2639 839 2683 nos
855 2639 939 2684 anno
956 2619 1020 2684 isto
1036 2619 1182 2702 proximo
1200 2617 1386 2702 prestandis
1402 2617 1469 2682 Re-

334 2724 386 2806 gie
412 2723 582 2808 Majestati
608 2723 791 2810 Hungarie,
817 2732 867 2792 est
892 2734 1002 2792 nostre
1026 2726 1226 2810 intentionis,
1252 2731 1285 2792 et
1309 2726 1468 2808 volumus,

337 2830 424 2913 quod
438 2829 619 2914 justificare
636 2833 755 2899 debeas
771 2856 840 2899 rem
856 2835 954 2900 istam
980 2856 1053 2900 cum
1079 2834 1280 2919 gravissimis
1297 2839 1330 2900 et
1345 2835 1468 2916 impor-

334 2938 491 3004 tabilibus
516 2940 681 3024 impensis
707 2963 788 3025 quas
814 2941 902 3025 passi
928 2963 1038 3008 sumus
1055 2948 1087 3009 et
1103 2943 1247 3028 patimur
1263 2943 1297 3007 in
1312 2942 1467 3026 presenti,

334 3048 419 3112 sieut
444 3067 478 3113 es
504 3049 704 3138 amplissime
729 3050 930 3134 informatus,
955 3057 989 3117 et
1013 3053 1102 3136 quod
1127 3073 1191 3118 non
1217 3052 1318 3118 habes
1336 3049 1466 3117 anobis

334 3155 421 3220 eirca
436 3155 498 3220 hoc
515 3156 606 3221 aliud
621 3157 655 3221 in
670 3156 839 3224 mandatis.
866 3157 1003 3244 Quoque
1020 3161 1114 3227 nobis
1130 3182 1189 3244 pro
1207 3159 1341 3225 summis
1357 3178 1467 3226 neces·

335 3263 490 3328 sitatibus
501 3265 620 3330 nostris
631 3265 719 3331 omni
729 3267 797 3333 vire
809 3267 1058 3334 succurrendum
1071 3274 1129 3352 est,
1145 3266 1379 3352 prestandique
1390 3271 1467 3331 sunt

334 3368 470 3455 favores
497 3372 613 3456 quibus
628 3373 848 3440 mediantibus
865 3375 1122 3458 magnitudinem
1138 3377 1222 3444 tanti
1237 3376 1324 3457 belli,
1349 3380 1467 3459 totque

338 3500 554 3562 expensarum
571 3482 665 3549 nobis
680 3485 938 3568 impossibilium,
955 3485 1097 3552 tolerare
1114 3489 1281 3571 possimus.

443 3587 495 3653 De
521 3597 643 3674 quanto
664 3591 698 3656 in
722 3593 888 3674 premissis
913 3593 1061 3660 omnibus
1078 3595 1180 3661 fueris
1196 3599 1359 3678 executus,
1384 3600 1417 3660 et
1433 3594 1479 3672 in,

334 3691 404 3760 dies
421 3705 576 3779 occurret,
592 3699 756 3781 studiosus
774 3701 838 3766 eris
855 3702 1016 3768 continuis
1033 3703 1098 3769 tuis
1109 3701 1228 3782 litteris
1238 3723 1296 3770 nos
1306 3703 1466 3778 certiores

334 3803 472 3872 efficere.

441 3912 943 3998 -pea-ao—lt.

445 4077 602 4136 (Velenczei
615 4081 793 4147 allamkdnyv
808 4085 867 4133 129.
882 4083 910 4143 l.)
986 4153 988 4164 Ι

818 4365 978 4382 ——a-—s-t-Afl
