3256 5304
631 380 724 464 1133.
1182 385 1244 468 iot
1323 377 1325 382 ’

110 566 260 642 Tarchos
277 584 308 641 et
325 583 439 641 contra
449 579 608 645 Dominos
619 579 768 661 Bossine,
784 587 918 664 excepto
930 580 1142 646 Serenissimo
1155 583 1246 666 Rege

109 684 286 767 Hungarie
302 691 363 750 etc.
380 687 464 752 unde
481 687 572 752 robis
589 688 761 754 reddentes
773 711 846 753 cum
857 695 968 754 nostro
980 688 1123 754 Consilio
1134 691 1246 776 Roga-

113 798 232 875 torum,
260 793 461 877 denotamus,
491 796 577 879 quod
605 797 767 861 desiderio
784 798 889 862 nostri
906 803 992 861 esset
1007 797 1126 862 habere
1142 799 1248 863 locum

22 943 27 975 2
111 899 225 965 ’0113311
244 903 278 966 13
294 903 443 968 manibus
459 905 590 987 nostris,
607 907 633 968 si
650 906 683 970 id
700 906 810 988 aliquo
827 905 923 971 modo
939 928 1011 971 cum
1027 909 1198 972 voluntate
1215 913 1248 971 et

112 1029 271 1074 consensu
298 1010 417 1094 prelati
445 1012 553 1077 Banni
580 1012 676 1077 Pauli
702 1013 772 1078 fieri
798 1021 916 1097 posset,
949 1021 1007 1078 aut
1033 1014 1091 1078 sub
1117 1016 1246 1080 nomine

112 1117 299 1199 emptionis,
315 1124 371 1183 aut
381 1119 527 1201 pignore,
542 1127 599 1185 aut
610 1120 670 1185 sub
688 1122 798 1204 aliquo
816 1122 880 1186 alio
897 1128 1046 1205 pretextu
1062 1123 1112 1186 vel
1129 1123 1247 1206 colore,

110 1224 207 1291 modo
225 1225 314 1290 locus
331 1226 387 1291 ille
404 1229 436 1290 in
448 1235 595 1292 nostram
607 1235 806 1311 potestatem
817 1230 976 1310 deveniat,
993 1231 1247 1313 etmeminimus,

112 1331 201 1416 quod
227 1333 309 1398 31133
336 1334 388 1399 (113
413 1335 565 1401 videlicet
590 1330 730 1406 XXVI.
748 1339 924 1404 Februarii
944 1343 1025 1403 1461
1047 1361 1119 1404 eum
1136 1345 1247 1404 nostro

111 1439 257 1508 Consilio
273 1441 476 1526 Rogatorum
504 1444 543 1509 de
568 1467 604 1511 re
621 1445 810 1529 hujusmodi
824 1446 917 1512 vobis
935 1447 1133 1529 scripsimus,
1160 1453 1194 1510 et
1208 1447 1245 1510 li-

110 1549 275 1615 bertatem
301 1556 422 1616 certam
448 1551 603 1634 dedimus,
631 1554 723 1636 cujus
750 1555 877 1637 copiam
893 1555 982 1620 vobis
1000 1555 1159 1620 mittimus
1176 1575 1247 1637 pre·

112 1659 260 1726 sentibus
283 1660 505 1742 introclusam,
536 1667 716 1744 propterea
743 1661 897 1744 volumus,
923 1669 960 1727 ut
984 1684 1044 1745 pro
1070 1660 1246 1745 prudentia

111 1773 224 1832 vestra
240 1789 374 1850 operam
390 1766 469 1832 dare
487 1767 635 1833 debeatis
646 1768 870 1852 reintegrandi
883 1770 1043 1852 praticam
1053 1767 1259 1852 predictam,

112 1882 146 1938 et
162 1874 353 1941 deveniendi
370 1874 413 1939 ad
430 1874 517 1940 illius
535 1875 782 1959 conclusionem,
801 1877 827 1940 si
845 1877 916 1944 fieri
932 1881 1043 1959 potest
1057 1899 1128 1940 oum
1140 1875 1245 1940 modis

112 1989 144 2046 et
170 1981 419 2058 conditionibus
446 2003 527 2066 quas
554 1990 631 2047 tunc
658 1985 748 2050 vobis
775 1984 923 2049 dedimus
949 1985 982 2048 in
1008 1984 1185 2064 mandatis,
1214 1990 1262 2051 31.

110 2091 200 2154 ultra
215 2090 297 2156 31133
314 2091 530 2170 conditiones;
547 2092 689 2155 contenti
706 2091 803 2156 etiam
817 2113 936 2173 sumus,
954 2093 1052 2157 dante
1066 2092 1161 2155 nobis
1173 2111 1244 2173 pre-

112 2197 181 2262 fato
197 2197 314 2262 Banno
333 2198 437 2262 Paulo
464 2198 572 2262 locum
589 2200 695 2281 ipsum
713 2197 835 2280 Clissii,
861 2201 1008 2282 accipere
1031 2218 1179 2280 cumpro
1196 2219 1245 2261 re·

112 2305 204 2370 siduo
232 2311 336 2370 status
362 2306 412 2369 sui
428 2305 461 2368 in
477 2307 710 2388 protectionem
726 2313 842 2371 contra
858 2325 1086 2389 quoscumque,
1112 2311 1247 2386 excepta

113 2434 240 2496 semper
251 2411 574 2495 CoronaHungarie.
599 2414 646 2478 Et
662 2415 690 2478 si
706 2415 784 2497 quid
800 2415 891 2478 aliud
907 2413 1032 2478 deesset
1050 2413 1091 2478 ad
1109 2413 1156 2476 rei
1173 2433 1246 2476 con-

114 2521 299 2600 clusionem,
317 2522 408 2586 nobis
426 2521 534 2586 subito
552 2520 685 2584 scribite
702 2527 736 2585 et
752 2523 861 2585 omnia
877 2523 1062 2587 neccssaria
1073 2519 1246 2600 declarate,

114 2650 211 2710 quum
228 2628 335 2693 subito
353 2628 443 2692 vobis
459 2628 699 2711 respondemus.

221 2789 257 2856 Si
283 2811 357 2854 vero
375 2789 466 2854 13313
482 2810 541 2872 per
557 2810 613 2854 vos
630 2791 717 2854 omni
734 2787 882 2873 possibili
899 2788 1099 2873 experientia
1115 2788 1243 2853 adrem

114 2898 300 2982 hujusmodi
309 2897 442 2961 Bannus
454 2897 576 2961 Paulus
588 2897 758 2961 attendere
769 2919 833 2961 non
850 2897 956 2977 vellet,
974 2917 1083 2960 sumus
1101 2896 1244 2960 contenti

114 3007 259 3089 accipere
285 3004 377 3069 illum
402 3006 436 3068 in
460 3005 696 3088 protectionem
722 3011 837 3068 contra
854 3026 1084 3087 quoscumque,
1111 3008 1246 3084 excepta

113 3137 240 3196 semper
261 3113 393 3178 Corona
410 3113 591 3194 Hungnrie,
618 3119 651 3177 et
676 3133 786 3177 sumus
812 3113 967 3194 contenti,
994 3111 1148 3194 vobisque
1174 3132 1246 3174 cum

114 3230 224 3287 nostro
242 3220 386 3286 Oonsilio
404 3219 609 3303 Rogatorum
628 3221 817 3285 libertatem
844 3221 1049 3285 concedimus
1065 3217 1248 3302 accipiendi

115 3335 146 3392 et
161 3329 376 3413 promittendi
393 3329 514 3393 dictam
531 3330 765 3413 protectionem
782 3351 853 3392 cum
870 3329 992 3393 talibus
1009 3321 1247 3392 conditionibus

116 3445 144 3500 et
171 3437 336 3522 capitulis,
362 3437 446 3520 quod
463 3459 521 3501 nos
540 3439 638 3501 etiam
657 3459 696 3500 ex
713 3443 800 3503 statu
818 3436 875 3500 illo
893 3460 952 3520 per
969 3435 1156 3519 hujusmodi
1173 3453 1247 3514 pro·

116 3545 299 3626 tectionem,
319 3566 444 3608 omnem
461 3543 649 3626 possibilem
665 3543 931 3608 commoditatem
947 3542 990 3606 ad
1007 3549 1130 3606 statum
1148 3548 1181 3606 et
1198 3561 1248 3604 res

117 3657 244 3717 nostras
262 3653 482 3735 suscipiamus
508 3652 592 3714 sicut
608 3672 665 3734 per
682 3657 806 3715 vestras
823 3651 953 3714 litteras
970 3650 1112 3714 scribitis
1128 3670 1184 3713 ros
1202 3649 1249 3712 fa-

118 3758 174 3824 cile
200 3759 365 3824 facturum
390 3780 468 3835 esse,
493 3757 700 3841 prudentiam
728 3765 760 3822 et
786 3758 881 3822 fidem
900 3765 1041 3822 vestram
1055 3755 1247 3839 jamdudum

118 3869 271 3950 33313133,
298 3867 337 3930 (13
364 3889 428 3950 qua
455 3866 597 3931 debitam
622 3865 774 3931 fiduciam
799 3867 963 3948 capientes
988 3866 1021 3928 in
1048 3864 1199 3928 libertate
1217 3871 1250 3926 et

121 3975 253 4039 arbitrio
279 3982 398 4057 vestro,
426 3975 638 4058 relinquimus
655 3975 820 4038 tractandi
838 3972 929 4038 etad
947 3972 1183 4036 conclusionem
1199 3990 1248 4033 re-

122 4081 256 4148 ducendi
282 4107 351 4148 rem
379 4085 472 4166 hanc,
499 4085 582 4148 sicut
599 4084 699 4147 statui
716 4089 749 4147 et
765 4083 863 4146 rebus
880 4081 999 4145 nostris
1015 4077 1249 4144 conducibilius
1311 4163 1312 4166 Ἴ

122 4187 185 4253 fore
201 4190 438 4254 intellexeritis
456 4192 503 4254 Et
519 4213 587 4272 nos,
604 4191 844 4271 quantocitius,
861 4194 1050 4272 quantoque
1061 4186 1249 4267 diligentius

125 4299 277 4380 poteritis,
296 4299 454 4364 advisate.

225 4461 296 4526 Vos
312 4463 445 4545 insuper
462 4461 658 4541 advisamus,
675 4461 762 4544 quod
780 4479 945 4525 armamus
963 4457 1002 4522 de
1013 4455 1154 4540 presenti
1167 4456 1249 4520 duas

132 4566 241 4649 galeas,
258 4591 340 4651 quas
357 4569 470 4633 subito
487 4571 654 4633 mittemus
671 4568 713 4632 nd
730 4575 842 4650 partes
852 4567 936 4645 illas,
954 4571 1072 4647 etpost
1083 4563 1251 4628 1113331133

170 4704 226 4739 nor.
244 4706 325 4740 3333.
344 4705 411 4740 mer.
427 4709 471 4722 -
490 4704 555 4738 nem
573 4707 633 4739 333.
650 4704 685 4738 rv.
1108 4677 1139 4723 ¹4
