3314 5300
648 381 740 443 1465.

662 688 735 748 202.

134 846 227 909 1465.
260 843 289 906 A
308 845 459 908 velerzczei
475 845 693 910 ‹illcmtnnrica
707 817 843 912 cdlirazo
862 847 1054 913 Ferdincnd
1070 849 1184 934 Icirrilp
1200 849 1254 911 aa.

197 953 324 1016 suamet
341 978 362 1017 a
379 953 459 1040 liga,
482 955 514 1018 e's
531 956 663 1040 Mn'tyrta
679 955 789 1042 loirdlp
804 959 984 1043 bdzaoadpa
999 958 1191 1043 tdrppc'bao.

132 1143 400 1214 MOOOOLXV.
416 1148 468 1212 die
485 1147 603 1215 XXV.
621 1147 713 1233 Maij.

240 1255 337 1339 Quod
361 1256 404 1320 ad
422 1257 502 1322 duas
518 1257 805 1341 particularitates,
831 1259 993 1342 expositas
1009 1279 1066 1341 por
1084 1260 1258 1326 Oratorem

25 1379 31 1386 '
132 1362 340 1429 serenissimi
356 1364 458 1447 Regis
475 1364 684 1445 Fordinandi,
710 1387 768 1448 pro
795 1367 911 1449 quibus
936 1372 1082 1449 sumptus
1107 1366 1171 1431 fuit
1195 1389 1260 1432 res-

131 1482 253 1555 pectus,
277 1472 435 1556 videlieet,
462 1473 547 1540 circa
572 1474 826 1558 intelligentiam
842 1475 927 1539 inter
943 1495 1001 1540 nos
1018 1473 1211 1554 habendam,
1227 1481 1260 1538 et
1368 1552 1370 1556 .

24 1610 29 1619 ·
132 1582 219 1645 circa
235 1581 515 1664 interpositionem
533 1583 721 1666 nuptiarum
737 1581 984 1648 tractandarum
1001 1581 1087 1647 inter
1102 1582 1260 1666 Majesta-

132 1697 195 1754 tem
222 1687 334 1768 Suam,
358 1695 391 1754 et
416 1690 558 1772 Regiam
584 1689 802 1757 Serenitatem
828 1691 1010 1774 Hungarie‚
1035 1711 1093 1773 per
1108 1689 1259 1754 medinm

27 1799 30 1812 '
133 1804 277 1863 nostrum
295 1803 328 1862 et
345 1805 421 1878 ect.;
445 1800 702 1882 respondeatur:

240 1905 338 1990 Quod
364 1929 473 1972 sumus
499 1915 531 1974 et
555 1930 614 1992 per
639 1909 792 1974 continua
808 1915 957 1992 tempora
972 1928 1041 1972 esse
1056 1903 1260 1984 intendimus,

133 2015 298 2081 verissimo
315 2037 435 2098 amore,
461 2024 494 2082 et
516 2018 673 2102 singulari
688 2017 909 2086 benivolentia
925 2015 1031 2083 affecti
1047 2011 1260 2078 Serenissimo

133 2121 275 2187 Domino
291 2124 377 2206 Regi
392 2124 576 2206 Fernando,
602 2125 683 2190 etin
699 2147 825 2191 omnem
841 2123 989 2208 gloriam,
1013 2121 1119 2202 decue,
1144 2126 1178 2186 et
1193 2142 1260 2185 am-

133 2229 328 2314 plitudinem
354 2253 446 2297 suam
473 2253 583 2298 sumus
608 2238 640 2297 et
660 2233 860 2317 reperiemur
877 2253 1002 2315 semper
1018 2229 1260 2314 promptissimi,

133 2342 188 2422 ita,
215 2345 252 2403 ut
276 2343 440 2404 teneamus
456 2339 539 2404 nihil
555 2338 629 2404 huic
645 2347 757 2404 mutue
774 2339 946 2418 affectioni,
971 2344 1003 2403 et
1018 2337 1174 2403 charitati
1190 2359 1261 2401 nos·
1317 2424 1322 2432 ἱ

133 2454 182 2513 tre
208 2447 384 2532 superaddi
408 2468 513 2530 posse,
539 2469 603 2530 qno
627 2446 674 2528 iit,
699 2453 735 2511 nt
760 2447 980 2511 existimemus
1006 2448 1134 2510 attenta
1160 2444 1258 2509 etiam

134 2555 310 2621 universali
325 2555 394 2639 liga
409 2555 515 2636 Italie,
542 2575 606 2638 que
623 2553 732 2619 valida
748 2560 781 2618 et
797 2553 891 2618 firma
907 2551 1074 2637 perdurat,
1098 2573 1163 2617 non
1179 2573 1261 2636 opus

133 2686 202 2729 esse
218 2663 285 2729 alia
300 2685 384 2728 nova
399 2661 685 2728 confoederatione
702 2666 735 2726 et
750 2665 810 2726 ect.

241 2771 284 2855 ΔΓ
333 2775 396 2835 113
443 2805 487 2816 -
535 2773 574 2833 11
622 2805 666 2815 -
713 2775 742 2834 o.

25 2935 26 2938 γ
134 2875 400 2946 ncoocnxv.
417 2877 468 2942 aa
484 2876 603 2946 xxv.
620 2875 711 2960 Maij.

134 2985 304 3068 Sapientes
322 2981 458 3068 CO”Silii
477 2990 510 3048 el
619 2999 717 3066 Oirca
732 3006 858 3084 partem
874 2998 1132 3082 interpositionis
1149 3001 1261 3063 matri·

217 3117 233 3151 '
327 3091 386 3156 if·
407 3185 425 3189 ,g
564 3108 666 3193 monij
683 3114 716 3174 et
737 3115 796 3173 ect.
829 3107 985 3189 Dicimus,
1010 3105 1098 3189 quod
1124 3105 1165 3172 ab
1190 3107 1261 3190 ipso

133 3219 302 3303 principio,
327 3240 390 3301 quo
416 3219 575 3302 Majestas
602 3218 670 3284 Sua
694 3239 763 3282 rem
788 3220 885 3283 istam
905 3217 998 3283 nobis
1015 3218 1263 3282 commemorari

25 3393 30 3406 ,
134 3327 218 3408 iecit,
243 3325 362 3390 fuimns
378 3332 410 3391 et
425 3347 534 3390 sumus
551 3346 749 3408 magnopere
765 3324 873 3408 cupidi
890 3322 956 3390 Sne
973 3322 1150 3390 Serenitati
1166 3325 1262 3389 satis-

134 3435 246 3500 facere.
270 3431 403 3498 Accidit
420 3440 538 3514 antem,
564 3432 653 3515 quod
670 3431 792 3498 Orator
809 3439 927 3512 noster,
953 3453 1048 3514 quem
1065 3431 1259 3496 tenebamus
1357 3515 1359 3524 Ι

134 3541 219 3625 apud
236 3538 484 3606 serenissimum
501 3538 625 3624 Regem
642 3539 825 3622 Hungarie‚
842 3562 913 3604 cum
933 3540 1129 3608 Oratoribus
1140 3539 1261 3621 Majes-

134 3649 211 3715 tatis
239 3646 302 3713 Sue
327 3649 362 3712 in
386 3647 521 3713 Italiam
547 3646 643 3728 venit,
673 3646 758 3712 unde
785 3653 930 3712 secutum
957 3653 1013 3730 est,
1040 3645 1127 3730 quod
1153 3645 1260 3710 nullus

136 3759 258 3825 Orator
289 3761 399 3819 noster
430 3754 720 3837 impresentiarum,
752 3753 840 3837 apud
875 3754 981 3837 ipsum
1012 3751 1259 3819 Serenissimum

44 3945 48 3955 Ι
136 3863 258 3949 Regem
275 3885 309 3928 se
324 3863 455 3945 reperit.

242 3969 285 4053 ΔΓ
332 3975 395 4037 159
442 4007 486 4018 -
534 3977 574 4036 17
624 4010 661 4020 -
714 3973 764 4033 10.

242 4134 400 4195 lVelenczei
412 4135 592 4199 allamkbnyv
606 4137 648 4184 87.
662 4133 691 4193 l.)
