3256 5304
670 360 764 440 iles.
1219 360 1283 440 nti
1374 367 1377 378 '

259 547 310 613 De
327 548 446 629 bladis,
465 572 526 632 que
543 555 626 634 petit
643 558 676 617 et
692 552 834 634 querela,
851 571 948 633 quam
959 551 998 616 de
1012 551 1177 617 potestate
1188 550 1285 616 Anti-

147 658 222 722 bari
248 657 337 737 facit,
363 679 423 738 pro
451 657 556 724 farina
582 667 614 724 et
641 661 763 726 barcha
789 667 848 724 etc.
865 659 1011 740 dicimus,
1038 658 1126 742 quod
1141 660 1284 725 dominio

50 761 54 766 ’
148 773 263 831 nostro
287 786 398 829 carum
415 771 500 829 esset
516 768 550 831 in
568 768 655 832 omni
673 791 751 833 casn
768 766 833 832 Sue
849 767 1053 831 Excellentie
1069 789 1138 832 rem
1155 773 1284 849 gratam

146 873 265 938 faeere.
285 870 347 936 Oui
357 872 574 959 declaramus,
588 876 675 959 quod
687 875 728 940 ob
739 873 909 940 deffectum
920 872 1098 955 bladorum,
1116 897 1212 958 quem
1228 875 1284 940 ha-

146 983 273 1063 bemus,
300 1002 381 1064 opos
399 987 448 1045 est
464 983 558 1048 nobis
574 1005 672 1066 parce
688 984 799 1049 metiri
816 983 1020 1048 conditiones
1036 982 1209 1047 bladorum
1224 1005 1284 1066 pro

152 1090 393 1155 sustentatione
414 1089 527 1155 classis
544 1097 655 1156 nostre
672 1098 705 1156 et
717 1093 887 1173 exercituo,
904 1091 1045 1174 quentin
1056 1089 1284 1173 Peloponneso

150 1198 330 1278 habemus;
346 1203 498 1280 preterea
514 1219 579 1263 non
598 1201 666 1264 sine
683 1199 783 1264 animi
800 1197 951 1264 molestia
966 1198 1105 1278 audisse,
1131 1198 1210 1281 quid
1226 1219 1282 1282 per

153 1307 414 1388 suprascriptum
432 1305 638 1372 Potestatem
654 1305 814 1372 Antibari
839 1307 900 1372 sibi
925 1305 1047 1371 factum
1073 1305 1180 1390 fuerit.
1203 1305 1284 1372 Ideo

149 1413 184 1478 ei
202 1433 351 1496 expresse
368 1411 603 1498 mandabimus,
622 1414 709 1496 quod
725 1416 833 1480 omnia
849 1414 912 1478 sibi
927 1415 1053 1497 integre
1063 1414 1230 1495 restituat3
1246 1435 1286 1477 ex

151 1541 305 1602 nuncque
332 1526 461 1603 captum
487 1521 547 1587 sit:
590 1522 679 1606 quod
704 1521 876 1588 mandetur
902 1522 964 1606 ipsi
989 1522 1157 1604 potestati,
1199 1520 1286 1604 quod

150 1633 290 1710 accepto
317 1628 472 1692 mandato
497 1634 607 1694 nostro
633 1628 720 1694 infra
744 1630 860 1712 viginti
888 1627 955 1694 dies
970 1629 1151 1693 restituisse
1168 1628 1286 1694 debeat

146 1735 293 1800 farinam
319 1741 352 1800 et
376 1733 541 1815 barcham,
568 1757 623 1800 seu
648 1735 792 1801 valorem
818 1758 888 1801 cum
915 1735 1108 1819 integritate
1125 1736 1184 1801 sub
1201 1757 1285 1818 pena

149 1843 246 1928 dupli
271 1865 330 1928 per
346 1841 577 1908 advocatorem
595 1845 772 1910 communis
790 1845 859 1909 sine
876 1846 943 1910 ullo
960 1843 1097 1910 consilio
1114 1843 1283 1927 exigenda.

261 1949 317 2014 Ad
352 1956 479 2033 partem
505 1948 634 2016 demum
659 1953 749 2035 pacis
775 1953 920 2032 dicimus,
953 1953 1040 2034 quod
1067 1953 1093 2016 si
1119 1952 1285 2032 acciderit,

145 2058 240 2142 quod
257 2058 298 2122 ad
315 2078 426 2139 pacem
443 2057 603 2140 cumipse
619 2058 726 2124 rurco
743 2059 934 2125 veniremus:
953 2059 995 2124 ob
1011 2067 1158 2126 nostrum
1174 2061 1208 2124 in
1219 2061 1284 2126 Ex-

145 2164 337 2230 cellentiam
364 2185 455 2228 suam
480 2185 624 2229 amorem
647 2165 799 2231 memorie
816 2165 1007 2232 habebimus
1023 2167 1164 2231 illumin
1182 2187 1220 2231 ea
1238 2167 1284 2230 in-

145 2273 293 2342 cludere.
326 2268 407 2336 Ideo
424 2270 625 2336 Excellentic
652 2271 716 2337 Sue
741 2273 961 2356 pariformiter
988 2295 1283 2354 commemoramus

146 2379 294 2462 quodsi
321 2376 362 2442 ad
388 2401 501 2462 pacem
527 2399 600 2444 eum
626 2380 754 2462 prefato
782 2380 889 2445 'lurco
915 2381 1072 2463 deveniet,
1097 2381 1189 2444 illam
1216 2380 1284 2457 sine

145 2493 269 2552 nostro
295 2506 454 2551 consensu
471 2510 534 2552 non
551 2487 659 2568 faciat,
676 2510 748 2552 cum
763 2487 915 2554 honestas
931 2489 1003 2572 ipsa
1019 2489 1105 2570 velit,
1132 2487 1218 2571 quod
1235 2489 1284 2551 vir

143 2594 339 2678 hujusmodi
366 2595 540 2676 oblatione,
568 2618 665 2679 quam
682 2597 884 2662 Excellentie
905 2595 969 2662 Sue
995 2596 1139 2674 facimus,
1165 2597 1285 2661 adhoc

143 2723 286 2786 prorsus
303 2701 450 2786 obligata
466 2705 515 2768 sit.

261 2806 425 2893 Departe
506 2852 540 2860 -
594 2847 630 2858 -
683 2813 755 2875 124.

261 2915 312 2982 De
329 2938 395 2981 nou
504 2955 547 2966 -
594 2956 636 2965 -
729 2925 756 2983 2.

261 3023 337 3090 Non
355 3024 473 3088 sinceri
502 3064 544 3073 -
591 3062 634 3070 -
725 3029 755 3089 4.

263 3131 372 3197 Nota:
398 3132 484 3214 quod
511 3132 734 3215 suprascripte
756 3133 817 3197 due
834 3132 1017 3198 additiones
1033 3133 1184 3199 videlicet
1200 3134 1285 3198 inter

148 3237 163 3324 [
184 3234 197 3324 ]
215 3237 301 3302 facte
318 3238 449 3303 fuerunt
465 3239 619 3304 mandato
637 3236 784 3320 Collegii.

263 3399 424 3467 (Velenczei
437 3403 617 3467 allamkbnyv
632 3407 691 3452 202.
706 3405 736 3466 l.)
