3292 5310
659 411 752 476 1460.
1233 415 1273 474 eo
1314 361 1317 373 ’

252 585 300 651 At
315 585 476 670 quomodo
492 587 579 652 idem
591 589 752 655 Dominus
768 591 856 673 petit
871 612 891 653 a
903 589 995 654 nobis
1006 589 1147 672 aliquem
1159 590 1273 670 locum,

151 695 211 759 sive
227 694 365 760 insulam
382 694 443 759 sibi
460 697 604 779 concedi,
623 703 659 762 ut
675 698 708 762 in
719 719 795 764 casu
810 697 1061 781 opportunitatis
1072 695 1232 780 eumfilijs
1242 703 1274 762 et

96 818 98 827 ·
151 803 212 866 suis
225 823 258 867 se
268 804 403 868 reducre
414 805 538 887 possit:
554 805 711 887 Dicimus,
729 807 817 889 quod
828 807 904 872 licet
914 825 1078 890 speremus
1090 811 1122 872 ct
1133 805 1273 872 confide·

149 931 225 992 mus,
243 911 546 995 quodExoellentia
557 911 625 978 Sua
642 934 675 980 se
694 913 874 997 prevalebit
884 920 916 977 et
926 912 1131 978 conservabit
1140 915 1174 978 in
1184 917 1272 978 statu

148 1039 212 1101 sue,
229 1019 314 1083 sicut
330 1023 402 1084 tota
417 1024 526 1084 mente
542 1019 775 1102 desideramus,
800 1026 909 1086 tamen
927 1021 954 1084 si
971 1021 1059 1102 quod
1076 1020 1162 1085 absit
1177 1019 1272 1086 aliter

148 1125 308 1191 videretur
324 1147 420 1210 posse
437 1148 622 1192 occurrere:
639 1128 759 1194 erimus
776 1148 902 1211 semper
912 1128 994 1193 bene
1005 1128 1158 1210 contenti,
1183 1127 1271 1210 quod

145 1255 212 1298 cum
221 1255 372 1318 persona,
386 1233 474 1319 filijs,
484 1234 610 1300 familia
621 1242 654 1300 et
665 1235 758 1300 bonis
769 1237 836 1300 suis
846 1257 904 1319 per
914 1241 1020 1301 terras
1033 1240 1066 1301 et
1075 1235 1149 1300 loca
1158 1240 1271 1300 nostra

144 1364 175 1406 se
190 1341 345 1407 reducere
360 1342 466 1426 possit
480 1343 523 1408 ad
539 1345 679 1408 insulam
694 1348 728 1407 et
743 1343 851 1408 locum
876 1351 1022 1409 nostrum
1040 1342 1168 1424 Liesne‚
1195 1362 1269 1406 nam

143 1471 266 1534 semper
281 1449 520 1516 Excellenciam
537 1450 636 1518 Suam
652 1451 791 1517 libenter
806 1450 984 1516 videbimus
1001 1455 1034 1515 et
1048 1449 1268 1516 tractabimus.

244 1559 295 1622 La
306 1557 429 1626 Vestra
441 1558 669 1624 Illustrissima
681 1557 834 1642 Signoria
844 1578 1001 1640 cognosce
1013 1563 1046 1622 et
1056 1557 1186 1622 intende
1196 1555 1268 1637 ben,

141 1686 225 1730 come
235 1663 665 1749 pregilaVostraSignoria
675 1666 733 1730 che
745 1687 779 1730 se
790 1665 1096 1748 degnassemandar
1107 1666 1267 1735 elVostro

140 1769 363 1838 Ambassador
388 1795 408 1837 a
433 1793 527 1856 gram
543 1772 659 1855 Turco,
685 1772 716 1836 el
732 1773 808 1856 qual
823 1793 979 1856 pregasse
994 1795 1053 1857 per
1068 1794 1162 1838 nome
1179 1773 1219 1838 de
1234 1771 1267 1838 la

142 1879 261 1948 Vestra
277 1881 492 1963 Excellentia,
509 1881 569 1946 che
589 1902 655 1946 non
671 1881 842 1946 mandasse
859 1881 975 1947 adesso
992 1881 1032 1947 de
1047 1883 1092 1945 mi
1108 1887 1202 1947 tauta
1217 1882 1267 1946 ira

140 1994 170 2052 et
183 1995 278 2054 tanto
295 1988 394 2072 fuogo
412 2009 506 2056 senaa
521 1991 556 2054 la
576 1990 643 2054 mia
660 2011 771 2070 caxon,
794 1995 827 2053 et
841 1989 1093 2056 uraximamente
1109 2009 1167 2073 per
1182 2009 1267 2054 com·

138 2097 247 2178 piaxer
265 2097 309 2162 ali
325 2098 389 2163 mei
404 2097 533 2178 nemixi,
551 2095 712 2162 avixando
724 2093 849 2162 Vestra
860 2096 1013 2180 Signoria
1024 2118 1114 2162 come
1130 2096 1265 2162 essendo

138 2204 289 2270 ritornati
314 2205 324 2270 i
349 2206 414 2270 mei
430 2201 670 2270 Ambassadori
686 2205 729 2269 da
744 2204 777 2269 la
795 2205 918 2271 Vestra
935 2203 1088 2288 Signoria
1104 2225 1155 2268 me
1171 2203 1266 2270 avixa

138 2333 222 2378 come
238 2313 275 2380 la
284 2311 409 2381 Vestra
421 2311 570 2396 Signoria
586 2313 679 2378 colea
696 2311 832 2378 mundar
847 2335 911 2380 uno
921 2312 1119 2379 zentilhomo
1135 2313 1174 2377 de
1186 2311 1265 2378 Scu-

137 2421 199 2484 tari
215 2442 277 2503 per
293 2426 380 2485 certe
396 2425 503 2484 vestre
519 2417 662 2501 tacende,
683 2425 716 2486 et
732 2421 762 2485 le
778 2421 840 2485 mie
857 2419 900 2486 da
916 2441 1008 2502 gram
1025 2419 1141 2501 Turoo,
1158 2418 1264 2482 dende

137 2527 146 2590 i
170 2529 231 2592 mci
248 2526 490 2593 Ambassadori
504 2527 640 2594 essendo
657 2528 746 2592 stadi
762 2528 805 2594 da
821 2549 914 2611 gram
931 2527 1047 2608 Turco,
1071 2549 1137 2592 non
1153 2525 1263 2592 hanno

136 2634 280 2716 trovado,
307 2657 347 2700 ne
362 2635 456 2714 visto,
480 2655 522 2700 ne
539 2635 659 2700 audido
676 2636 797 2717 alguna
814 2657 907 2702 cossa
923 2635 975 2700 del
991 2634 1177 2719 supradicto
1193 2657 1264 2700 zen-

136 2741 278 2826 tilhomo,
305 2765 364 2826 per
387 2743 420 2808 la
444 2743 522 2824 qual
539 2764 632 2809 cossa
648 2763 749 2826 prego
765 2744 798 2808 la
815 2743 938 2812 Vestra
952 2742 1175 2808 Illustrissima
1191 2740 1263 2822 Sig-

135 2851 222 2915 noria
244 2872 281 2916 se
298 2850 332 2914 al
349 2857 499 2934 presente
516 2873 533 2915 e
549 2873 607 2934 per
623 2852 723 2917 dovor
739 2851 843 2916 ander
859 2853 981 2935 alguno
998 2855 1107 2917 vestro
1123 2843 1263 2914 Ambas-

136 2958 226 3024 sador
250 2979 348 3026 verso
376 2960 406 3024 el
425 2981 517 3042 gram
534 2959 650 3042 Turco,
675 2959 815 3044 piaeque
831 2959 885 3024 ala
901 2960 1027 3028 Vostra
1043 2955 1196 3040 Signoria
1212 2955 1262 3020 far

134 3066 234 3134 avisar
244 3070 278 3134 el
290 3090 382 3151 gram
394 3068 503 3134 Turno
521 3073 554 3132 et
570 3067 959 3150 recommendarmealui‚
976 3085 1065 3132 come
1076 3070 1262 3131 somvostro

133 3171 192 3237 bon
208 3174 261 3259 fio,
280 3181 315 3239 et
330 3173 411 3239 fedol
429 3174 537 3258 amigo
556 3179 590 3238 et
606 3181 715 3240 vostro
733 3174 865 3240 citadiu.

234 3279 338 3349 Circa
352 3287 491 3365 partem,
507 3303 565 3366 per
582 3304 681 3366 quam
691 3282 785 3365 petit,
796 3288 833 3346 ut
843 3303 931 3364 casu,
948 3301 1012 3363 quo
1022 3280 1151 3346 missuri
1163 3281 1263 3346 simus

134 3396 299 3458 oratorem
323 3397 473 3456 nostrum
498 3391 541 3456 ad
564 3391 717 3472 Turcum,
749 3391 812 3455 sibi
836 3389 927 3472 loqui
954 3387 1111 3453 faciamus
1134 3387 1168 3451 in
1194 3389 1262 3472 ejus

132 3499 446 3564 commendationem
471 3505 504 3564 et
528 3497 673 3565 favorem
689 3505 749 3563 etc.
765 3503 835 3579 eet,
851 3497 1018 3563 Dicimus:
1040 3495 1127 3579 quod
1143 3517 1182 3560 ex
1199 3495 1263 3560 lra-

131 3609 220 3673 terna
229 3607 462 3690 benivolentia,
473 3628 570 3690 quam
581 3605 869 3674 adExcellentiam
880 3604 980 3672 Suam
991 3603 1142 3687 gerimus,
1153 3626 1263 3669 sumus

131 3734 254 3798 semper
271 3714 382 3798 cupidi
399 3713 459 3779 sibi
476 3715 510 3778 in
527 3714 651 3779 cunctis
667 3713 878 3797 possibilibus
910 3712 1107 3792 satisfacere,
1128 3716 1160 3775 et
1185 3732 1262 3777 casu

131 3841 191 3902 quo
207 3823 342 3888 missuri
358 3823 458 3888 simus
476 3820 651 3888 Oratorem
668 3822 710 3886 ad
724 3820 885 3887 Turcum:
902 3820 1094 3888 babebimus
1111 3819 1263 3882 memorie

131 3929 211 3996 hanc
237 3952 310 3996 rem
328 3953 429 4012 suam,
457 3937 488 3996 et
504 3929 647 3996 libenter
672 3950 731 4012 pro
756 3928 811 3994 Ill.
838 3930 879 3994 D.
906 3928 972 3994 Sua
996 3925 1150 3991 faciemus
1176 3925 1263 4007 quio·

132 4039 305 4119 quidboni
321 4038 478 4122 possibile
494 4038 587 4104 nobis
605 4039 675 4102 erit.

234 4148 276 4213 Io
289 4167 357 4212 som
367 4146 547 4212 certissimo
555 4145 664 4212 Seren.
672 4143 835 4229 Signoria,
845 4141 903 4206 ohe
913 4137 993 4207 laV.
1002 4137 1155 4224 Signoria
1163 4139 1262 4204 habia

131 4255 236 4321 intexe
253 4255 375 4339 meglio
393 4254 503 4336 quello
521 4253 580 4319 che
600 4253 633 4318 al
649 4257 799 4336 presente
816 4250 984 4316 notificare
1000 4249 1053 4314 ala
1063 4247 1104 4315 V.
1123 4246 1155 4313 S.
1172 4268 1262 4312 come

131 4363 239 4448 alguni
265 4365 330 4428 mei
355 4362 442 4428 ledel
457 4361 564 4442 amixi,
589 4361 600 4424 i
616 4361 694 4444 qual
712 4381 840 4444 sempre
861 4363 954 4424 steno
971 4355 1025 4422 ala
1040 4355 1206 4440 presentia
1222 4355 1262 4420 de

132 4491 221 4551 gram
238 4473 359 4550 Turco,
375 4492 425 4534 me
442 4470 550 4536 hanno
567 4468 714 4550 avixado,
741 4488 831 4532 come
852 4466 906 4532 ala
925 4465 1108 4551 primavera
1123 4463 1154 4528 el
1169 4483 1262 4546 gram

133 4576 241 4646 Turco
267 4578 529 4665 personalmente
549 4597 651 4664 pensa
666 4576 780 4662 vegnir
797 4597 890 4646 sorra
906 4572 1045 4660 Scutari,
1062 4593 1096 4639 se
1112 4592 1194 4662 pora
1210 4569 1262 4639 far
