3314 5300
705 387 938 434 nrenouaoznu
955 373 1122 433 senense.

884 717 958 778 230.

356 884 451 948 1465.
478 883 507 946 A
525 877 677 944 veteoczci
702 877 922 941 ‹illanttoodcs
942 875 1074 940 vdloszo
1091 875 1221 957 Melpes
1237 874 1349 962 tirdty
1364 875 1485 938 kdvctc‘·

605 985 665 1049 acle
682 1007 720 1049 az
737 982 821 1069 iqe'rt
837 982 1020 1068 scqc'typc'oz
1037 980 1230 1068 tctrppdboo.

352 1181 619 1276 MCOOOLXV.
636 1182 688 1246 die
704 1179 808 1246 XXI.
826 1177 1025 1244 Decembris.

354 1293 526 1378 Sapientes
542 1289 676 1374 0ῡῦὃὶῙῇ
838 1302 936 1388 Quod
960 1303 1038 1368 Rev.
1064 1304 1151 1386 patri
1176 1300 1317 1369 Domino
1334 1301 1483 1388 Georgio
1592 1356 1594 1360 Α

432 1426 447 1459 s
514 1404 539 1463 t·
555 1397 575 1462 f·
593 1403 728 1480 θΧθθΡῖθ
783 1413 956 1496 Preposito
987 1408 1387 1495 Quinque-Ecclesiarum,
1415 1409 1486 1476 ‘Ar-

353 1507 416 1574 ses
431 1505 543 1574 vitale
559 1504 674 1570 LandO
782 1523 862 1588 tium
881 1526 916 1586 et
931 1519 1147 1585 Decretorum
1164 1516 1314 1598 Doctori,
1347 1519 1485 1586 Oratori

353 1617 411 1683 Dr·
428 1622 461 1680 el
476 1614 522 1680 M·
570 1706 726 1712 „-.
784 1629 987 1697 Serenissimi
1013 1627 1115 1711 Regis
1141 1627 1320 1711 Hungarie,
1354 1629 1412 1710 qui
1445 1627 1488 1692 ad

351 1741 549 1826 presentiam
565 1744 711 1805 nostram
721 1737 819 1820 venit,
836 1736 1047 1821 exhibuitque
1057 1735 1151 1800 nobis
1160 1735 1274 1801 literas
1285 1735 1487 1820 Majestatis,

352 1849 425 1930 Sue,
450 1849 552 1914 lectas
569 1846 625 1913 isti
642 1843 798 1928 Consilio,
815 1851 849 1910 et
865 1851 1017 1911 oretenus
1035 1844 1133 1908 etiam
1149 1842 1306 1928 exposuit,
1323 1849 1485 1927 quantum

351 1957 407 2024 isti
425 1955 571 2023 Oonsilio
589 1953 790 2019 declaratum
808 1959 865 2035 est,
881 1951 1137 2036 respondeatur:

460 2063 557 2148 Quod
581 2061 800 2126 intelleximus
826 2061 1010 2144 gratissime
1035 2059 1150 2125 literas
1167 2059 1273 2142 Regie
1290 2056 1486 2125 Serenitatis

352 2173 538 2258 Hungarie,
561 2177 595 2237 et
621 2175 779 2252 quantum
795 2169 902 2234 verbis
919 2166 986 2234 Sua
1001 2166 1196 2232 Reverendo
1213 2166 1407 2232 Paternitas
1425 2169 1487 2232 ele·

354 2288 473 2366 gauter
498 2278 591 2345 nobis
607 2277 774 2361 exposuit;
799 2283 830 2341 et
848 2276 978 2358 quidem
994 2282 1063 2341 tam
1079 2275 1199 2339 intuitu
1215 2274 1326 2359 Regis,
1354 2275 1406 2340 cui
1423 2276 1486 2340 sin-

351 2389 513 2470 gulariter
529 2385 638 2452 affecti
654 2406 772 2469 sumus,
798 2405 895 2468 quam
911 2389 1058 2469 respectu
1075 2404 1215 2466 persone
1231 2383 1332 2468 ipsius
1350 2382 1488 2451 Domini
1529 2459 1537 2472 ,

353 2496 517 2578 Oratoris,
541 2495 678 2560 vidimus
696 2515 768 2560 eum
785 2493 994 2577 perlibenter,
1020 2497 1090 2556 tum
1107 2494 1215 2573 etiam,
1231 2494 1308 2576 quia
1324 2491 1406 2558 Ber.
1423 2490 1489 2558 Ar·

351 2605 573 2688 ohiepisoopus
591 2601 759 2668 Cretensis
784 2603 930 2686 Legatus
957 2601 1166 2684 apostolicus,
1191 2623 1295 2684 nuper
1320 2623 1488 2684 regressus

354 2736 375 2778 a
390 2712 492 2796 Rege,
517 2711 686 2776 nobiscum
712 2717 745 2776 et
771 2709 811 2774 de
828 2707 1013 2776 Serenitate
1030 2709 1107 2792 Sua,
1132 2709 1214 2774 etin
1231 2711 1337 2792 specie
1354 2711 1394 2776 de
1410 2711 1482 2795 ipso

351 2819 495 2886 Domino
507 2817 649 2885 Oratore
666 2817 770 2883 multa
781 2818 887 2902 digne,
905 2817 1259 2883 ethonorificelocutus
1270 2825 1329 2883 est.
1346 2818 1488 2902 Regiam

350 2951 425 2994 vero
451 2927 724 2994 deliberationem
749 2927 900 2992 mittendi
933 2926 1217 3010 impresentiarum
1243 2925 1485 2992 Paternitatem

351 3036 451 3103 Suam
478 3038 520 3102 ad
535 3038 630 3102 Rom.
647 3034 842 3102 Pontificem
868 3056 907 3099 ex
932 3035 1124 3121 necessarijs
1141 3036 1256 3116 causis,
1284 3037 1487 3118 sapientissi-
1548 3073 1551 3075 ·
1648 3025 1651 3032 ’

350 3144 477 3227 misque
492 3143 703 3228 respectibus,
729 3165 788 3227 per
805 3141 979 3208 Oratorem
995 3143 1101 3226 ipsum
1118 3143 1297 3228 explicatis,
1314 3135 1489 3210 laudamus

354 3257 387 3316 et
403 3253 518 3316 merito
540 3251 813 3332 commendamus,
839 3257 875 3315 ut
891 3252 975 3316 sicut
991 3257 1223 3317 commemorat
1240 3249 1308 3318 Sua
1324 3247 1485 3335 Majestas

352 3360 438 3425 circa
472 3358 712 3443 expeditionem
738 3359 814 3424 anni
839 3360 984 3442 proxime
1009 3357 1120 3440 futuri,
1155 3359 1203 3424 ita
1230 3358 1428 3426 sufficienter
1456 3367 1491 3426 ct

350 3469 536 3551 tempestive
562 3467 725 3551 provideri
751 3469 863 3551 possit,
888 3467 974 3551 quod
1001 3467 1099 3532 semel
1116 3468 1157 3534 ab
1174 3468 1245 3532 istis
1261 3467 1432 3534 laboribus
1451 3477 1486 3535 et

351 3576 513 3660 angustijs
540 3574 707 3641 Serenitas
735 3573 810 3657 Sua,
837 3582 870 3640 et
895 3597 963 3658 nos,
1000 3597 1038 3640 ac
1063 3576 1120 3659 alij
1148 3575 1319 3641 christiani
1350 3575 1488 3646 liberari

351 3685 488 3769 possint.
505 3683 600 3750 Alias
616 3706 692 3750 vero
709 3685 749 3749 de
766 3685 841 3769 alijs
857 3684 1010 3769 remedijs
1021 3685 1230 3768 cogitandum
1240 3687 1301 3767 sit3
1319 3689 1488 3769 quomodo

351 3793 513 3859 stantibus
530 3793 709 3878 Majestate
726 3792 793 3859 Sua
810 3799 843 3858 et
859 3793 961 3876 nobis,
987 3795 1022 3858 in
1038 3794 1199 3860 continuis
1216 3795 1370 3860 oneribus
1389 3795 1489 3882 hujus

351 3901 533 3985 gravissimi
557 3900 644 3983 belli,
670 3907 707 3966 ut
722 3902 894 3982 loquamur
912 3901 952 3967 de
969 3901 1070 3984 nobis,
1095 3902 1173 3968 licet
1189 3903 1297 3984 simus,
1314 3939 1358 3950 -
1376 3911 1410 3970 et
1426 3929 1490 3990 pro

351 4012 474 4093 quanto
491 4029 619 4092 semper
635 4009 823 4093 poterimus,
840 4046 884 4057 -
899 4009 1004 4074 futuri
1021 4011 1132 4093 simus,
1157 4013 1302 4094 prompti
1318 4019 1352 4078 et
1367 4013 1486 4079 arden·

351 4123 411 4199 tes,
437 4115 480 4181 ad
505 4119 614 4182 omnia
638 4115 791 4183 facienda
816 4124 931 4184 contra
956 4119 1095 4202 hostem,
1127 4120 1350 4201 cognoscimus
1375 4127 1490 4188 tamen

351 4225 450 4291 rebus
468 4226 514 4289 sic
530 4225 789 4308 procedentibus,
805 4224 1031 4291 difficillimum
1047 4227 1141 4293 nobis
1158 4250 1236 4309 esse,
1249 4235 1300 4294 tot
1316 4230 1492 4314 impensas,

353 4341 385 4400 et
402 4333 591 4416 gravedines
608 4333 763 4400 tollerare
780 4355 886 4419 posse,
904 4356 966 4418 que
983 4335 1104 4402 mundo
1121 4337 1200 4403 satis
1212 4335 1383 4402 manifeste
1395 4345 1492 4418 sunt;

351 4440 440 4506 unde
465 4441 549 4506 sicut
565 4441 713 4522 diximus,
737 4449 773 4507 ut
786 4443 855 4527 jam
873 4443 1007 4509 tandem
1023 4467 1083 4528 per
1100 4444 1201 4510 Suam
1219 4443 1440 4511 Serenitatem
1457 4455 1492 4514 et

354 4571 414 4638 per
439 4571 508 4634 nos,
535 4549 638 4616 videri
655 4552 760 4639 possit
776 4551 881 4622 exitus
897 4557 990 4624 tante
1006 4554 1062 4640 rei,
1088 4575 1151 4624 uon
1170 4553 1248 4624 satis
1264 4553 1401 4622 laudare
1418 4577 1493 4645 pos-
