3268 5308
654 294 747 372 mea
1201 303 1264 376 rm
1370 293 1373 302 '

134 475 289 546 unionem
305 481 441 548 invicem
458 481 651 563 habendam,
676 489 713 547 ut
728 485 818 550 unite
835 489 868 549 et
885 488 989 569 magis
1015 493 1165 571 potenter
1192 512 1265 572 pro·
1305 461 1309 472 .

52 601 56 607 ’
138 588 278 653 cedatur
308 597 340 654 et
364 596 423 654 cot.
465 587 627 674 Quodque
661 590 768 672 Regia
794 593 866 674 ipsa
896 591 1058 675 Majestas
1088 596 1261 678 Hungaric

18 775 21 779 Ι
137 695 270 760 mittere
287 697 474 763 instituerat
489 699 596 782 ipsum
610 697 788 763 Dominum
804 700 1004 782 Episcopum
1025 699 1261 768 Genadiensem

136 797 313 868 Oratorem
346 827 437 869 suum
469 805 511 870 ad
542 803 573 869 S.
598 805 793 871 Pontificem
819 814 852 871 et
877 807 920 870 ad
945 795 1013 871 noa.
1038 806 1134 874 Circa
1166 830 1265 892 quam

138 913 313 976 materiam
345 912 578 995 respondentes
614 911 757 993 dicimus,
784 914 869 996 quod
896 914 1065 978 laudamus
1091 915 1265 996 plurimum

139 1038 331 1101 responsum
347 1042 406 1102 per
422 1025 454 1084 te
471 1018 592 1084 datum.
620 1017 790 1102 Quomodo
812 1043 875 1086 non
891 1027 941 1086 est
957 1020 1102 1103 dubium,
1126 1022 1214 1104 quod
1239 1024 1265 1087 si

138 1125 306 1192 Samnitas
317 1125 384 1192 Sua
401 1149 473 1192 cum
489 1127 608 1192 effectu
624 1127 782 1210 procedet
797 1134 914 1198 contra
929 1133 1091 1210 prefatum
1102 1127 1267 1194 Turcum:

139 1233 174 1297 id
206 1235 376 1317 ipsumque
407 1234 526 1300 facturi
563 1220 629 1298 sirit
668 1233 813 1318 prefatus
843 1234 916 1298 Rex
947 1234 1094 1312 Bossiue,
1126 1241 1158 1300 et
1189 1233 1266 1299 Dux

142 1337 341 1423 Stephanus,
356 1341 491 1406 indubie
511 1340 706 1424 sperandum
733 1341 796 1405 erit
820 1337 1029 1422 Majestatem
1054 1338 1154 1405 Suam
1179 1341 1268 1424 aqud

138 1446 248 1511 Deum
279 1454 313 1512 et
343 1447 488 1513 homines
512 1447 688 1512 maximum
721 1448 880 1528 meritum,
905 1447 1035 1512 laudem
1066 1454 1100 1512 et
1129 1447 1268 1530 gloriam

139 1561 388 1619 consecuturam
413 1577 489 1634 esse,
514 1576 713 1638 regnumque
738 1541 820 1619 illud
846 1577 938 1619 suum
963 1575 1072 1620 secure
1098 1561 1130 1618 et
1161 1554 1269 1637 quiete

139 1682 365 1750 possessurum
381 1684 459 1730 esse.

252 1769 299 1834 Et
315 1770 403 1833 circa
419 1775 547 1852 partem
557 1766 709 1834 Oratoris
724 1767 875 1834 mittendi
892 1767 1036 1848 dicimus,
1047 1767 1135 1850 quod
1150 1768 1270 1832 intuitu

144 1875 344 1941 Serenitatis
361 1875 426 1942 Sue
441 1877 619 1943 videbimus
637 1897 764 1959 semper
780 1897 854 1940 eum
868 1875 935 1940 leto
951 1876 1059 1940 animo
1071 1882 1104 1939 et
1120 1875 1268 1954 libenter,

144 1981 278 2064 quando
304 1983 435 2067 quidem
460 1984 494 2049 in
518 1983 669 2048 omnibus
695 1982 963 2048 concernentibus
988 1983 1143 2048 honorem
1168 1990 1202 2046 et
1217 2003 1267 2046 co-

144 2091 245 2155 moda
260 2089 450 2174 Majestatis
466 2091 531 2158 Sue
547 2092 656 2174 cupidi
672 2112 798 2174 semper
814 2091 922 2155 simua

253 2197 415 2266 Volumus
432 2221 568 2282 quoque,
585 2199 673 2281 quod
698 2199 825 2282 prefate
843 2197 948 2281 Regia
967 2198 1136 2281 Majestati
1162 2196 1270 2260 dicere

145 2303 275 2384 debeas,
296 2305 384 2386 quod
410 2312 447 2370 ut
472 2307 606 2372 obviare
630 2307 791 2389 possimus
817 2304 1113 2370 machinationibus
1139 2291 1271 2379 Turchi,

5 2440 22 2486 χ
141 2429 273 2474 armare
290 2408 540 2488 deliberavimus
557 2413 590 2476 et
606 2432 679 2475 cum
695 2411 782 2475 omni
799 2410 905 2476 studio
934 2429 1096 2475 armamus
1121 2411 1271 2474 triremes

142 2517 290 2599 triginta,
306 2537 387 2602 quas
404 2539 489 2582 anno
505 2521 569 2583 isto
594 2519 628 2582 in
652 2519 736 2582 mari
762 2519 893 2582 omnino
918 2519 1040 2582 habere
1066 2517 1271 2582 intendimus.

253 2623 387 2689 Petiisti
403 2647 423 2690 a
439 2625 532 2690 nobis
548 2626 702 2708 pecunias
721 2645 780 2708 pro
798 2626 865 2689 tuis
890 2627 1049 2708 expensis,
1076 2625 1127 2689 cui
1152 2618 1209 2708 rei,
1233 2630 1270 2687 ut

143 2730 396 2814 satisfaciamus,
411 2730 596 2798 advisamus
615 2739 656 2813 te,
674 2733 761 2814 quod
781 2734 831 2797 vel
856 2753 916 2816 per
941 2733 1082 2798 medium
1107 2730 1271 2796 Leonardi

142 2837 322 2921 Desiderij,
345 2838 396 2903 tel
421 2861 479 2922 per
504 2839 604 2904 aliam
623 2840 707 2904 viam
724 2839 910 2904 curabimus
926 2841 985 2905 tibi
1002 2837 1182 2922 providere,
1208 2857 1271 2918 quo

143 2947 282 3010 celerius
298 2945 484 3028 poterimus.

254 3051 414 3117 Preterea
429 3057 540 3120 notum
556 3053 617 3118 tibi
633 3051 780 3138 facimus,
796 3053 884 3140 quod
899 3075 958 3138 per
974 3051 1104 3117 litteras
1120 3047 1272 3116 Oratoris

60 3181 65 3186 ’
143 3161 252 3225 nostri
282 3160 325 3226 ad
354 3160 396 3226 R.
426 3160 619 3226 Pontificem
658 3161 740 3228 facti
772 3184 882 3228 sumus
913 3161 1070 3226 certiores
1102 3157 1140 3224 B.
1172 3157 1273 3225 Suam

148 3267 286 3350 elegisse
303 3289 406 3352 nuper
422 3274 565 3350 quatuor
585 3291 624 3333 ex
644 3269 936 3335 Reverendissimis
963 3267 1204 3349 Cardinalibns,
1229 3268 1274 3330 vi-

145 3377 283 3442 delicet:
314 3375 485 3456 Nicenum,
510 3375 623 3442 Sancti
639 3375 772 3460 Angeli,
796 3377 1095 3459 Rothomagenscm
1111 3381 1144 3438 et
1161 3371 1274 3438 Sancti

147 3485 266 3566 Marci,
282 3485 338 3568 qui
353 3484 523 3566 providere
540 3485 684 3549 habeant
697 3486 793 3550 rebus
810 3483 992 3566 Hungarie,
1017 3489 1050 3546 et
1075 3481 1150 3564 alijs
1176 3501 1273 3562 nego-

146 3595 203 3675 tijs
220 3597 335 3656 contra
352 3590 502 3656 Turcum.
1094 3679 1096 3685 Α

256 3699 340 3763 Post
353 3699 413 3764 heo
429 3701 512 3764 alias
528 3699 657 3764 litteras
673 3705 747 3765 tuas
773 3700 956 3782 accepimus
982 3698 1079 3764 datas
1096 3693 1275 3762 XXVIII.

147 3806 347 3888 Decembris,
365 3805 407 3870 ad
423 3828 503 3888 quas
519 3807 609 3870 aliud
624 3829 683 3891 pro
699 3829 785 3870 nunc
801 3827 865 3870 non
882 3808 1000 3872 attinet
1015 3805 1220 3888 respondere.

257 3911 300 3996 -l-
350 3915 411 3978 143
458 3946 502 3958 -
551 3918 568 3976 1
615 3951 658 3960 -
705 3919 734 3976 0.

259 4075 415 4138 (Velenc'zei
429 4077 512 4128 allam
526 4076 583 4126 lter
601 4079 659 4126 137.
674 4076 703 4136 1,)

635 4273 794 4286 ...ω-...-
