3292 5310
685 333 918 381 nrrnourczmr
935 320 1102 381 aurnuns.

872 677 924 741 37.

334 842 428 904 1459.
445 841 489 903 Ἀ
513 838 659 903 uelcnczcc'
676 837 772 900 lithos
787 842 902 901 tanda
927 839 1119 900 butrtrozata
1147 857 1168 895 a
1195 833 1325 917 Mu'tya'c
1350 826 1462 911 kirtly

543 943 767 1030 kdcctce'pe'oek
784 945 920 1009 adaodd
934 943 1044 1007 cdlcsz
1061 940 1254 1026 tdrppdbou.

441 1136 692 1206 MOOOOLIX.
709 1137 761 1202 die
778 1137 824 1202 X.
841 1137 866 1202 J
868 1137 935 1220 ulij.

441 1245 538 1329 Quod
561 1245 762 1311 Reverendis
786 1244 943 1328 patribus,
968 1242 1144 1326 Episcopis
1162 1239 1399 1324 Zegudinensis
1425 1243 1461 1302 et

334 1352 573 1436 (lorbaviensis,
598 1333 636 1417 ac
651 1351 828 1436 Magnifice
845 1348 966 1417 comiti
983 1349 1116 1416 Stefano
1134 1348 1173 1413 de
1187 1345 1461 1430 Frangepanibus

334 1461 439 1544 Segne
450 1467 501 1526 oct
511 1466 570 1526 ect.
585 1462 730 1528 Necnon
740 1458 932 1526 Venerabili
942 1459 1156 1524 Decretorum
1166 1455 1305 1522 Doctori
1316 1454 1460 1519 Domino

332 1563 465 1637 Vicario
483 1566 708 1651 strigoniensi,
725 1567 922 1635 Oratoribus
939 1565 1142 1632 Serenissimi
1159 1564 1260 1647 Regis
1276 1561 1462 1645 Hungarie‚

334 1676 391 1756 qui
405 1696 509 1757 nuper
524 1675 565 1739 ad
582 1695 641 1740 nos
656 1681 822 1755 venerunt,
848 1679 970 1759 etpost
986 1671 1154 1754 generalia
1173 1673 1271 1754 longo
1289 1669 1461 1737 verborum

334 1781 446 1846 ordine
462 1781 571 1848 conati
589 1787 664 1848 sunt
691 1781 856 1847 declarare
881 1779 975 1848 nobis
991 1801 1143 1865 magnam
1158 1778 1412 1845 benivolentiam
1430 1783 1463 1842 et

335 1887 532 1971 singularem
543 1887 748 1954 affectionem
760 1887 965 1955 Serenissimi
975 1887 1108 1953 Domini
1122 1887 1173 1951 sui
1183 1907 1261 1968 erga
1267 1883 1461 1950 Dominium

335 2001 488 2078 nostrum,
508 1994 790 2078 commemorando
806 1996 983 2062 cordialem
1002 2014 1145 2060 amorem
1163 1990 1369 2057 serenissimi
1387 2013 1462 2056 cou-

335 2101 410 2166 dam
421 2099 588 2168 Gestaris
599 2103 648 2167 sui
658 2122 696 2167 ac
713 2100 822 2167 fratris
842 2102 899 2186 sui,
917 2103 951 2166 in
967 2123 1026 2167 nos
1043 2101 1154 2168 multis
1170 2100 1276 2165 modis
1292 2107 1459 2166 ostensum

334 2207 547 2292 faciendoque
562 2209 656 2275 nobis
672 2209 853 2276 oblationes
878 2209 1096 2293 amplissimas
1116 2212 1175 2273 oct.
1210 2206 1362 2272 Secundo
1388 2207 1463 2272 loco

334 2315 578 2399 explicaverunt
601 2315 714 2398 gravia
740 2322 773 2381 et
798 2315 1002 2381 imminentia
1027 2313 1183 2398 pericula,
1207 2333 1270 2398 que
1286 2314 1328 2380 cb
1345 2313 1462 2378 adven-

333 2430 403 2489 tum
420 2420 539 2488 Turchi
557 2427 670 2488 contra
685 2421 888 2506 Belgradum
904 2443 977 2487 cum
992 2421 1134 2486 exercitu
1149 2420 1383 2504 potentissimo,
1409 2441 1463 2486 ne·

335 2530 412 2595 dum
428 2528 535 2611 Regni
551 2529 733 2613 Hungarie,
757 2527 814 2595 sed
838 2529 901 2596 toti
928 2528 1103 2594 christiano
1120 2528 1251 2608 nomini,
1276 2532 1463 2613 oppugnato

334 2655 372 2700 ac
397 2635 524 2701 devicto
541 2633 710 2718 Belgrado
735 2635 889 2702 facillime
914 2635 1101 2718 contingere
1116 2639 1278 2717 poterant,
1303 2635 1357 2717 qui
1373 2635 1463 2701 locus

333 2763 408 2807 vere
436 2741 499 2809 dici
525 2747 657 2824 poterat
679 2741 856 2807 maximum
873 2741 1076 2808 obstaculum
1093 2747 1207 2806 contra
1224 2741 1338 2807 christi
1352 2741 1464 2810 hostes

333 2869 372 2916 ac
386 2850 538 2930 hostium,
556 2849 582 2915 si
599 2849 686 2932 quod
702 2847 798 2932 absit,
815 2849 1022 2914 amitteretur
1039 2849 1081 2914 ad
1101 2849 1263 2914 excidium
1281 2849 1461 2916 christiane

307 2978 309 2992 ’
332 2957 518 3040 religionis;
535 2956 687 3042 quodque
703 2957 777 3022 Rex
793 2957 872 3040 ip'se,
890 2957 995 3040 quiin
1011 2955 1130 3040 puerili
1146 2957 1352 3040 quodamodo
1374 2961 1464 3024 etate

332 3047 548 3143 constitutus(
558 3085 597 3130 ac
606 3063 791 3130 carceribus
802 3066 1013 3149 mancipatus,
1030 3065 1242 3148 proculdubio
1254 3064 1465 3131 existimabat

333 3193 371 3237 ac
395 3169 531 3235 firmiter
554 3170 691 3257 tenebat
721 3172 790 3236 solo
815 3172 900 3238 dono
926 3170 989 3236 Dei
1022 3173 1055 3237 in
1080 3172 1206 3255 Regem
1232 3171 1342 3256 Regni
1373 3173 1463 3238 illius

332 3277 432 3343 fuisse
458 3283 669 3362 assumptum,
686 3281 817 3345 omnino
835 3281 1043 3364 disposuerat
1058 3281 1188 3346 imitare
1204 3281 1340 3364 vestigia
1355 3281 1462 3364 patris

223 3415 228 3425 ·
333 3391 366 3452 et
382 3405 525 3466 suorum,
540 3385 725 3470 nedumque
740 3385 933 3454 facultatem
953 3395 986 3454 et
997 3387 1214 3456 substantiam
1225 3409 1351 3453 ornnem
1362 3410 1462 3474 suam,

309 3543 313 3550 .
333 3492 389 3558 sed
405 3512 577 3576 personam
595 3498 627 3556 et
642 3493 743 3558 vitam
759 3497 925 3587 propriam
945 3515 1104 3578 exponere
1119 3515 1179 3581 pro
1199 3493 1312 3560 christi
1332 3497 1463 3562 nomine

334 3621 372 3666 ac
389 3597 495 3682 gloria
512 3599 688 3666 christiane
704 3602 888 3685 religionis:
919 3603 1056 3685 ideoque
1072 3623 1130 3666 nos
1148 3601 1245 3666 etiam
1265 3603 1463 3670 hortabatur

333 3727 371 3772 ac
386 3727 544 3772 summum
558 3707 593 3797 ¹in
610 3707 740 3774 modum
758 3707 898 3792 rogabat
915 3709 984 3792 ejus
1000 3709 1171 3792 Majestas‚
1189 3715 1358 3776 utcontra
1374 3710 1463 3778 hunc

235 3848 241 3856 ·
332 3835 536 3880 communem
549 3814 665 3882 Crucis
676 3816 802 3880 hostem
814 3837 906 3881 arma
916 3837 1156 3896 summeremus,
1178 3817 1463 3884 seusaltemfavo·

330 3942 382 3985 res
398 3927 526 3988 nostros
543 3921 578 3987 in
594 3921 654 4005 his
680 3942 742 4006 que
758 3921 828 3986 fieri
844 3929 987 4005 possent,
1003 3922 1271 4005 impenderemus,
1298 3925 1382 3990 sicut
1398 3947 1459 4008 pro

329 4028 451 4096 honore
468 4028 531 4094 Dei
557 4031 660 4094 nostri
686 4051 724 4094 ac
748 4034 860 4096 nostro
887 4035 920 4094 et
944 4029 1045 4094 totius
1062 4030 1173 4095 christi
1189 4029 1335 4097 fidelium
1352 4032 1462 4118 olfioij,

330 4141 363 4200 et
388 4135 491 4202 debiti
517 4137 622 4202 nostri
649 4143 728 4215 erat,
769 4157 897 4201 eramus
923 4136 1009 4200 enim
1034 4157 1231 4220 magnopere
1257 4137 1395 4222 obligati
1412 4162 1462 4205 re-

330 4243 490 4327 demptori
515 4251 628 4310 nostro
652 4242 813 4328 quomodo
839 4264 877 4307 ex
907 4241 1007 4308 debili
1033 4245 1196 4328 principio
1220 4266 1281 4327 per
1306 4246 1371 4310 Dei
1398 4247 1463 4312 ole-

330 4351 494 4434 mentiam,
517 4371 641 4434 perque
666 4350 810 4414 virtuosa
835 4370 935 4431 opera
965 4353 1078 4414 nostra
1103 4351 1338 4434 amplissimum
1354 4351 1461 4435 Impe-

253 4538 257 4543 ,
329 4459 415 4526 rium
438 4479 478 4526 ac
502 4479 656 4542 magnam
681 4455 793 4521 mundi
819 4460 947 4542 partem
972 4440 1135 4543 consecuti
1167 4477 1304 4525 eramus.
1345 4457 1461 4525 Tertio
