3268 5308
647 337 740 400 1462.
1200 342 1260 406 151

132 529 240 573 mense
256 507 383 591 singulo
400 509 523 574 solvere
542 510 680 577 florenos
697 512 754 576 III
770 513 882 596 millia,
899 517 985 579 omni
1013 515 1120 582 studio
1148 539 1263 583 curare

131 617 280 682 videatur
297 615 430 702 hujusce
446 618 494 682 rei
511 621 731 684 executionem
748 621 834 703 apud
859 625 1020 706 potentias
1038 623 1150 705 Italas,
1176 625 1260 689 vide-

132 747 201 789 mus
218 731 329 790 tamen
346 730 379 790 et
395 727 488 808 quiesi
504 727 640 809 palpare
656 730 888 811 cognoscimus,
906 727 1079 796 dilationes
1096 737 1128 796 et
1144 719 1262 814 moras,

131 834 273 898 maxima
314 839 345 898 et
386 834 646 899 inconvenientia
677 839 711 899 et
741 836 883 918 pericula
916 820 1063 919 paritura
1095 861 1173 921 esee,
1210 861 1262 903 ne·

132 941 371 1025 cessariumque
388 940 515 1023 penitus
532 963 608 1021 esse,
634 943 721 1024 quod
737 942 774 1008 B.
792 943 858 1009 Sua
875 965 934 1025 pro
951 943 1090 1010 aliorum
1107 947 1261 1030 exemplo,

102 1133 104 1139 Ι
131 1051 214 1115 sicut
240 1071 299 1132 per
323 1049 406 1114 alias
432 1047 475 1113 ad
499 1055 531 1113 te
558 1050 753 1134 scripsimus
785 1055 1020 1135 quamprimum
1046 1053 1175 1118 modum
1206 1053 1261 1118 ad-

130 1157 257 1223 hiberet
282 1157 462 1240 reperiendi
486 1159 648 1240 pecuniae,
674 1180 754 1240 quas
781 1180 839 1240 pro
871 1161 1018 1243 portione
1052 1182 1111 1224 sua
1143 1163 1260 1227 contri·

129 1267 229 1331 buere
262 1265 348 1346 velit,
374 1270 408 1329 ut
433 1287 490 1348 per
522 1286 723 1347 consequens
749 1267 805 1350 alij
839 1265 880 1331 ad
907 1289 974 1332 rem
1008 1270 1103 1332 istam
1134 1268 1259 1333 facilius

129 1374 334 1440 inducantur.
374 1369 444 1440 Nos
491 1396 566 1439 vero
600 1376 741 1454 interea,
789 1397 827 1439 ne
867 1375 937 1439 Rex
986 1376 1155 1459 Hungaric
1204 1398 1259 1458 spe

128 1481 240 1546 futura
272 1503 439 1549 succursus
471 1482 665 1548 sanctitatis
695 1482 759 1548 Sue
785 1482 960 1548 destitutus
998 1483 1154 1564 videatur,
1186 1505 1259 1548 cum

127 1591 293 1672 turcisque
333 1591 489 1672 partitum
530 1612 645 1673 capere
671 1591 893 1673 compellatur,
924 1597 961 1655 ut
992 1591 1139 1656 tantem
1160 1593 1258 1656 cbris-
1314 1583 1317 1590 ’

128 1699 291 1763 tianorum
314 1698 476 1782 jacturam
508 1700 672 1778 evitemus,
704 1701 850 1762 misimus
884 1720 942 1780 pro
974 1707 1066 1782 parte
1099 1699 1257 1782 portionis

126 1812 238 1872 nostre
255 1805 390 1871 ducatos
408 1801 479 1871 VII
503 1805 607 1870 millia
633 1813 665 1871 et
691 1805 773 1871 alias
799 1805 856 1870 HI
881 1806 993 1888 millia,
1019 1808 1257 1890 quamprimum

126 1914 208 1980 certi
235 1915 355 1979 erimus
371 1916 450 1978 istos
467 1913 572 1979 salvos
588 1915 782 1996 pervenisse,
807 1913 849 1978 ad
869 1935 982 1980 manus
1000 1914 1123 1999 Regias
1149 1916 1254 1979 mitte·

127 2044 207 2103 mus,
217 2027 254 2087 ut
271 2021 434 2106 intelligat
449 2021 694 2087 Beatitudinem
712 2021 810 2089 Suam
828 2023 889 2090 sibi
900 2025 932 2086 in
942 2022 1005 2088 hac
1016 2023 1256 2088 contributione

127 2152 194 2195 non
220 2151 289 2195 esse
316 2129 519 2210 defuturam3
545 2131 584 2195 de
602 2151 666 2211 qua
687 2131 814 2212 quidem
831 2152 866 2194 re
892 2131 1048 2210 volumus,
1074 2136 1109 2195 ut
1129 2130 1257 2196 Sancti·

126 2240 189 2304 tati
215 2238 280 2304 Sue
310 2239 548 2320 quamprimum
574 2240 822 2304 secretissimam
848 2241 1003 2304 noticiam
1020 2239 1100 2303 dare
1127 2237 1255 2318 debeas,

127 2346 274 2430 rogando
292 2365 364 2411 eam
379 2345 612 2411 instantissime
630 2345 734 2411 nostri
760 2353 879 2429 parter,
896 2353 931 2410 ut
948 2347 1032 2412 hanc
1049 2344 1257 2410 deliberatio·

126 2477 202 2521 nem
218 2475 279 2538 pro
296 2453 436 2519 maxima
452 2454 521 2536 ejus
537 2455 751 2537 importantia
768 2455 810 2520 ad
827 2461 949 2521 statum
965 2462 1122 2534 nostrum,
1149 2453 1255 2519 occul-

126 2563 288 2630 tissimam
319 2565 351 2626 in
376 2567 506 2645 pectore
538 2583 595 2627 suo
627 2569 735 2628 tenere
760 2563 862 2628 libeat
887 2564 943 2646 ita,
970 2570 1006 2629 ut
1032 2564 1152 2628 nemini
1179 2567 1257 2628 nota

125 2671 223 2737 modo
239 2669 349 2754 aliquo
366 2691 433 2736 esse
449 2670 560 2753 possit,
587 2669 922 2756 studiosissimamquc
938 2691 1070 2755 operam
1090 2667 1255 2749 adhibeat,

126 2781 214 2862 quod
247 2799 309 2861 que
334 2778 420 2843 circa
444 2800 512 2843 rem
537 2779 633 2844 istam
658 2801 714 2862 per
731 2779 832 2845 Suam
847 2779 885 2844 B.
902 2787 934 2846 et
950 2802 1008 2863 per
1032 2779 1177 2862 reliquas
1202 2799 1257 2859 po·

125 2889 249 2954 tentiae
265 2885 408 2969 gerenda
419 2891 503 2969 sunt,
519 2885 672 2952 citissime
683 2894 896 2971 exequantur,
906 2909 965 2953 nec
975 2887 1114 2969 amplius
1124 2891 1255 2950 tenean-

125 3002 181 3061 tur
198 2997 232 3058 in
247 2998 374 3077 tempus
391 2999 424 3060 et
440 2999 498 3058 ect.

235 3099 287 3165 De
303 3106 398 3184 parte
422 3105 473 3166 39.

128 3256 155 3315 Ῑ·
173 3245 349 3329 sapientes
361 3242 508 3330 omnib
602 3266 737 3345 Volunt,
754 3265 842 3346 quod
859 3285 919 3348 pro
935 3263 1070 3349 hujusce
1083 3265 1129 3328 rei
1141 3263 1257 3346 impor-

125 3363 288 3454 1,·-3,
357 3351 412 3416 bf·
506 3335 663 3460 itantia
680 3373 851 3440 differatur
870 3371 903 3438 in
923 3375 986 3439 ista
1001 3371 1149 3452 materia,
1176 3391 1253 3454 quo·

125 3502 227 3566 usque
243 3477 427 3544 habeantur
442 3479 550 3545 littere
567 3502 587 3546 a
602 3480 787 3548 Secretario
804 3487 925 3562 nostro,
942 3483 998 3565 qui
1015 3487 1064 3546 est
1080 3479 1123 3546 ad
1136 3478 1255 3544 Roma-

125 3607 203 3655 num
220 3585 425 3652 Pontificem.
1140 3585 1142 3590 '

234 3697 691 3782 ÷eo-3-5.

235 3855 393 3920 (Velenczei
405 3855 490 3908 allam
503 3858 560 3911 ltair
573 3864 614 3913 93.
634 3863 666 3929 1.)
