3256 5304
663 710 735 772 158.

2 876 3 880 ’
24 887 28 890 ’
134 871 227 934 1463.
244 869 275 934 A
293 870 447 935 velenczcc'
463 871 683 935 dllomlandcs
701 869 840 933 odlaszol
867 870 970 956 Aymo
986 872 1091 936 Jdaos
1107 896 1260 959 mappar-

172 978 301 1063 orszdyi
317 978 482 1043 kdvete'nels
499 1004 520 1042 o
539 979 629 1042 torol
654 978 749 1042 alloni
764 978 1007 1042 hadhc'szr'lletek
1023 982 1215 1067 tdrppdbon.

2 1139 3 1212 ἐ
130 1171 427 1240 uoooouxur.
445 1174 497 1239 aa
512 1171 687 1244 xxvru.
702 1171 907 1239 Novembris.

237 1281 298 1348 Ser
313 1283 436 1349 Joanni
453 1280 553 1348 Aimo
571 1283 676 1366 militi,
706 1281 841 1349 Oratori
865 1286 978 1348 nostro
1010 1281 1051 1346 ad
1085 1281 1260 1348 Serenissi-

2 1401 10 1474 ᾗ,
130 1413 216 1455 mum
234 1391 359 1475 Regem
377 1390 558 1476 Hungarie.

2 1480 9 1548 χ’
132 1495 303 1580 ὃὸΡῑθῐὶῒθ8
320 1496 457 1581 O0¹¹81'lil
612 1517 732 1582 Delate
751 1521 826 1580 sunt
841 1516 935 1581 nobis
962 1517 1071 1582 littere
1087 1511 1193 1584 vestre
1209 1518 1261 1583 die

224 1629 240 1663 s
333 1610 355 1670 i·
372 1605 393 1670 f·
410 1614 443 1671 el
560 1625 640 1693 XV.
659 1624 851 1691 Novembris
877 1627 1047 1708 presentis,
1073 1626 1190 1710 quibus
1216 1627 1262 1689 in·

136 1735 319 1811 *j*
328 1712 505 1815 Q‘ll-n-Uffl
559 1741 610 1798 ter
627 1740 737 1799 cetera
753 1735 939 1816 gratissime
964 1735 1181 1800 intelleximus
1207 1734 1263 1799 ad-

132 1842 263 1902 ventum
285 1845 427 1904 vestrum
453 1841 495 1906 ad
520 1847 632 1923 partes
660 1840 837 1923 Sclavenie,
864 1843 1030 1924 proximas
1055 1864 1156 1925 regno
1180 1843 1262 1908 Bos-

132 1946 209 2030 sine,
236 1953 269 2010 et
294 1946 398 2030 Regio
424 1948 597 2032 Majestati
622 1950 796 2033 Hungarie
822 1949 909 2033 apud
935 1950 1067 2017 Jaizam
1093 1952 1262 2031 existenti3

132 2075 209 2118 narn
247 2053 423 2139 ferebatur,
464 2057 552 2140 quod
579 2057 619 2122 ob
646 2055 893 2122 invalitudinem
919 2080 1057 2141 persone
1083 2063 1189 2124 vestre
1214 2079 1262 2122 re·

131 2164 324 2227 manseratis
340 2164 374 2228 in
389 2165 461 2229 loco
481 2163 875 2249 Quinque-Ecclesisrum,
893 2166 981 2247 quod
996 2165 1143 2249 profecto
1168 2166 1262 2231 nobis

3 2313 12 2322 -
132 2269 303 2335 molestum
330 2279 409 2354 erat,
437 2280 505 2338 tum
529 2280 677 2356 respectu
702 2295 840 2357 persone
865 2281 979 2353 vestre,
1004 2280 1074 2339 tum
1100 2276 1178 2358 quia
1202 2297 1261 2359 per

132 2378 320 2444 distantiam
349 2384 490 2446 vestram
507 2403 527 2444 a
543 2382 635 2464 Rege
653 2404 718 2446 non
734 2382 925 2447 videbamus
944 2382 1038 2465 juxta
1063 2383 1261 2448 desiderium

132 2492 281 2553 nostrum
298 2489 414 2570 exequi
429 2510 486 2571 per
502 2512 558 2554 vos
575 2511 669 2572 posse
687 2494 800 2555 nostra
825 2489 995 2570 mandata,
1026 2511 1160 2580 operam
1185 2513 1262 2574 quo·

134 2618 196 2679 que
212 2603 355 2661 vestram
382 2604 415 2662 et
431 2598 637 2680 diligentiam
652 2621 711 2682 per
726 2621 783 2664 vos
800 2598 993 2681 adhibitam,
1009 2605 1047 2664 ut
1062 2600 1149 2665 idem
1167 2599 1259 2665 Sere-

3 2729 5 2786 ;
133 2705 286 2770 nissimus
313 2705 387 2770 Rex
410 2707 566 2770 transiret
592 2705 721 2789 Savum,
744 2707 836 2772 etad
862 2708 1048 2790 impresiam
1064 2709 1157 2774 illam
1182 2707 1263 2774 Bos·

134 2814 203 2877 sine
220 2835 254 2877 se
271 2813 442 2896 conferret,
467 2813 639 2878 laudamus
664 2815 841 2898 plurimum
866 2822 899 2879 et
921 2815 1037 2880 merito
1063 2818 1265 2881 commenda-

134 2943 222 3001 mus,
250 2924 414 3006 quoniam,
438 2928 475 2987 ut
499 2945 564 2988 non
591 2923 786 3004 dubitamus,
812 2946 871 3006 pro
889 2931 997 2988 vestra
1016 2924 1191 3008 prudentia
1208 2945 1264 2988 vos

135 3033 258 3113 optime
278 3031 467 3114 intelligere,
484 3038 608 3115 quanto
624 3033 728 3113 magis
745 3033 940 3115 procedetur
951 3054 990 3097 ex
1006 3034 1093 3098 omni
1110 3038 1205 3116 parte
1222 3031 1264 3097 ad

4 3159 6 3194 r
134 3138 356 3202 inferrendum
373 3139 493 3204 bellum
511 3146 627 3206 contra
658 3139 817 3224 perfidum
842 3143 968 3206 hostem
994 3140 1146 3222 Turnum,
1170 3128 1265 3204 tanto

135 3247 258 3329 melius,
275 3255 433 3330 tantoque
450 3249 563 3313 utilius
580 3251 652 3331 erit,
669 3255 742 3314 uta
759 3251 897 3314 divorsis
922 3251 1071 3332 partibus
1096 3250 1265 3333 propulsa·

134 3361 194 3437 tus,
223 3361 255 3420 et
282 3357 313 3420 in
332 3356 478 3423 Amores
495 3364 526 3422 et
552 3357 632 3422 alibi
656 3379 708 3422 res
734 3358 882 3441 gerendo,
908 3358 1071 3422 feliciores
1098 3379 1265 3423 successus

135 3469 306 3546 reportare
338 3467 476 3547 possint,
492 3467 578 3530 circa
599 3487 695 3548 quam
720 3488 790 3544 rem
815 3469 959 3531 contenti
986 3487 1094 3530 sumus
1121 3471 1155 3530 et
1178 3465 1266 3530 volu-

135 3576 216 3652 mus,
237 3571 324 3652 quod
350 3572 437 3656 apud
464 3571 677 3637 Serenitatem
699 3573 799 3640 Suam
818 3574 932 3656 agatis,
950 3574 1104 3656 quioquid
1130 3596 1150 3639 a
1174 3575 1266 3639 vobis

135 3677 207 3742 fieri
224 3679 335 3762 possit.
361 3679 562 3744 Advisantes
581 3703 647 3763 vos,
674 3680 763 3763 quod
788 3681 875 3745 ouini
901 3686 1015 3744 nostro
1042 3681 1150 3746 studio
1177 3679 1266 3764 apud

135 3790 230 3854 Rom.
246 3786 438 3854 Pontificem
465 3790 744 3854 accuratissimam
763 3811 897 3872 operam
913 3789 1115 3868 adhibemus,
1140 3794 1177 3852 ut
1200 3787 1267 3852 Sua

136 3898 303 3963 Sanctitas
318 3905 387 3962 tam
403 3920 461 3981 per
478 3899 663 3962 missionem
679 3899 774 3962 unius
791 3897 1066 3962 Reverendissimi
1082 3895 1200 3979 Legati
1226 3895 1268 3959 ad

136 4005 296 4090 prefatum
315 4005 564 4071 Serenissimum
581 4005 714 4089 Regem,
731 4029 829 4089 quam
846 4027 905 4088 per
930 4007 1151 4088 provisionem
1175 4024 1267 4086 pecu·

6 4143 8 4176 r
136 4115 273 4193 uiarum,
305 4135 416 4178 omnes
442 4113 567 4177 favores
583 4113 755 4196 possibiles
771 4112 939 4195 impendat
955 4112 1126 4195 Majestati
1145 4109 1220 4190 Suc,
1236 4117 1268 4175 et

7 4241 9 4296 ξ
136 4243 335 4306 parcaque
352 4222 518 4303 habemus,
537 4226 693 4302 tenemus,
709 4222 756 4285 ita
782 4241 854 4286 cum
880 4220 996 4286 effectu
1022 4220 1113 4303 sequi
1140 4219 1267 4300 debere,

138 4350 196 4412 per
211 4330 351 4411 modum,
368 4329 454 4412 quod
473 4328 641 4395 Serenitas
658 4328 726 4394 Sua
742 4334 889 4412 tempore
905 4351 997 4412 novo,
1012 4327 1130 4393 validis
1146 4327 1268 4392 viribus

140 4444 171 4502 et
195 4460 267 4503 cum
291 4438 418 4520 potenti
443 4438 593 4517 exercitu,
611 4437 790 4502 auxiliante
807 4439 889 4517 Deo,
920 4437 963 4502 ad
988 4435 1270 4501 exterminandum

140 4545 264 4628 hostem
281 4549 487 4630 magnanime
513 4546 687 4629 procedere
715 4547 845 4630 poterit,
872 4545 1145 4629 quemadmodum
1171 4544 1271 4609 etiam

184 4685 247 4722 nou.
263 4687 346 4721 arvus.
365 4687 431 4722 msr.
449 4689 492 4702 *-
510 4681 575 4716 rora
589 4684 647 4716 uxr.
664 4684 699 4716 rv.
1130 4675 1160 4720 17
