3256 5304
756 358 986 415 innncnnczisi
1007 340 1173 413 cnissis.

934 661 1004 720 157.

403 828 496 890 1463.
520 823 548 887 Α
569 823 717 886 celenczei
733 823 951 885 nltantanatcs
968 821 1099 885 vdiaszc
1120 821 1229 884 lstvn'n
1247 819 1431 883 scentsebiiki
1439 818 1518 902 feje-

499 931 653 995 deleninc‘l
671 932 738 992 le'vc
754 930 936 1007 incestant,
953 929 1127 1010 nicnnlcfin
1148 927 1264 992 Mezze
1283 928 1424 1011 ii'chi'ben.

400 1124 690 1194 MOOCOLXIII.
707 1125 759 1191 die
775 1125 916 1194 XVIII.
933 1125 1137 1193 Novembris.

508 1233 628 1299 Comiti
646 1233 772 1318 Spaleti
789 1240 820 1298 et
840 1234 972 1300 Oretcni
990 1239 1103 1298 nostro
1121 1234 1161 1296 ed
1180 1231 1439 1298 illustrissimum
1455 1231 1519 1294 Du·

401 1367 469 1408 cem
487 1340 606 1408 Sancte
623 1341 714 1407 Save.

508 1448 630 1516 Vostre
646 1451 762 1515 lettere
778 1449 830 1512 fra
846 1450 876 1513 le
893 1449 976 1514 altre
993 1447 1075 1515 dade
1092 1455 1179 1514 sotto
1195 1449 1248 1513 die
1260 1447 1378 1515 XVII.
1394 1431 1520 1530 deipas-
1615 1505 1616 1512 ,

403 1561 482 1624 sade
497 1578 727 1639 recevessemc,
744 1580 801 1640 per
818 1558 847 1622 le
864 1557 941 1640 quel
960 1580 998 1623 ne
1015 1555 1205 1640 significasti
1223 1579 1281 1641 per
1297 1559 1327 1622 le
1344 1579 1461 1622 summe
1476 1557 1520 1620 in·

402 1666 533 1747 stantis,
557 1663 680 1729 facteve
705 1685 762 1747 per
778 1663 810 1726 lo
828 1663 1056 1728 illustrissimo
1073 1662 1237 1746 Ladislac,
1265 1685 1282 1728 e
1303 1663 1520 1730 dechiaration

1613 1403 1616 1500 i

1613 1601 1616 1672 1

403 1774 435 1838 di
454 1774 524 1837 suci
540 1771 676 1856 penicoii
694 1771 783 1836 nvevi
801 1770 967 1834 assentido
983 1769 1069 1835 darii
1086 1777 1136 1834 tre
1147 1778 1255 1835 nostre
1266 1771 1521 1854 insegnedeSnn
1615 1819 1616 1826 1

402 1883 528 1961 Marco,
553 1887 585 1943 et
610 1878 765 1944 eJusnis
792 1885 903 1943 nostro
926 1877 1154 1960 provisionado
1170 1877 1253 1943 fenti
1269 1882 1322 1958 40,
1350 1881 1388 1944 de
1403 1882 1435 1945 ln
1452 1879 1523 1963 qual
1615 1955 1616 1962 ἵ

402 2009 504 2071 cossa,
521 1994 733 2071 quantunque
750 2007 789 2049 ne
805 1984 891 2049 fusse
908 1992 1004 2068 grata
1017 1985 1091 2067 ogni
1102 1987 1306 2067 persecuticn
1319 1995 1351 2051 et
1363 1988 1522 2071 expuisicn
1614 2001 1617 2084 ζ

402 2099 442 2163 de
459 2098 590 2177 Turehi,
617 2105 649 2161 et
676 2098 750 2178 ogni
777 2097 1004 2180 recuperaticn
1029 2096 1069 2160 de
1096 2097 1200 2178 quelle
1227 2105 1321 2179 perte
1348 2118 1405 2180 pei·
1426 2096 1524 2179 glorie
1615 2173 1617 2190 ⁴

403 2207 455 2271 del
473 2204 591 2288 Signcr
607 2203 682 2284 Dic,
709 2227 725 2267 e
743 2203 855 2268 salude
882 2204 921 2268 de
946 2203 1052 2283 fedeli,
1077 2211 1186 2268 tamen
1210 2227 1269 2288 per
1285 2207 1426 2289 nispectc
1442 2203 1480 2266 de
1494 2202 1523 2266 le
1615 2203 1617 2284 ξ

405 2313 472 2396 lige
490 2335 506 2377 e
524 2311 765 2378 confederation
781 2311 868 2378 facta
885 2333 955 2376 cum
973 2313 1004 2377 la
1022 2313 1153 2378 Maesta
1170 2315 1203 2378 di
1220 2313 1269 2378 Re
1286 2314 1325 2378 de
1346 2311 1524 2394 Hungsiie,
1615 2295 1617 2326 ³

403 2421 501 2504 quale
526 2421 569 2486 ha
594 2419 738 2484 delibera
754 2421 860 2484 ander
875 2422 908 2485 in
925 2421 1071 2501 Bossina,
1099 2420 1276 2486 desidcrcsi
1294 2443 1358 2485 non
1375 2421 1399 2484 li
1414 2438 1524 2483 causer
1615 2453 1617 2514 g

404 2530 498 2592 alcun
510 2534 669 2612 sospectc,
686 2527 744 2592 che
760 2527 985 2611 pretendiamc
1002 2549 1077 2593 aver
1094 2528 1215 2613 elgnna
1232 2529 1472 2612 paitecipaticn
1489 2526 1524 2590 de
1615 2525 1617 2574 i

405 2635 546 2699 dominic
572 2635 604 2699 in
630 2635 707 2717 quel
723 2656 830 2716 regno.
858 2634 1003 2716 Vclemn,
1021 2635 1080 2701 che
1097 2659 1168 2702 cuin
1186 2637 1261 2720 quel
1277 2636 1374 2702 modo
1391 2634 1475 2700 bello
1492 2655 1525 2696 ve
1615 2623 1617 2662 ²

405 2763 478 2807 sera
494 2742 655 2825 possibile,
682 2743 780 2808 dobia
797 2766 913 2827 operar
931 2766 1003 2808 cum
1020 2744 1048 2808 el
1066 2745 1151 2808 dicto
1169 2742 1274 2809 Ocnte
1292 2743 1458 2827 Laciniae,
1474 2743 1525 2807 che

337 2879 343 2886 ·
403 2849 433 2914 le
449 2853 583 2934 insegne
599 2857 710 2916 nostre
727 2872 791 2916 non
807 2853 837 2916 le
848 2853 930 2916 volis
943 2851 1114 2934 adspersi,
1125 2852 1213 2918 salvo
1225 2875 1265 2917 ne
1275 2851 1306 2917 le
1316 2859 1404 2917 terre
1415 2871 1431 2914 e
1442 2851 1526 2933 luogi

405 2978 463 3023 suc
480 2959 628 3042 paternii
646 2980 705 3042 per
720 2961 956 3042 recuperaticn,
974 2959 1005 3023 di
1016 2960 1092 3042 quel
1103 2959 1345 3044 perl'effection
1356 2961 1527 3025 lihsvemc.
1617 2979 1618 3028 ξ

403 3064 479 3130 Non
504 3088 546 3131 ne
572 3089 588 3131 e
613 3068 745 3150 ingrate
771 3067 794 3130 li
812 3067 911 3132 abbia
926 3069 1084 3150 prestcdo
1101 3067 1179 3132 dicti
1196 3067 1298 3133 favoni
1316 3069 1429 3132 nostri.
1454 3065 1526 3132 Vui-
1617 3069 1618 3152 J

404 3171 846 3256 veramenteAmbassadcr,
871 3176 989 3258 perche
1015 3197 1073 3258 per
1105 3197 1181 3240 aver
1206 3173 1366 3240 satisfacti
1392 3175 1403 3238 i
1428 3176 1527 3240 nostri
1616 3159 1618 3244 i

406 3280 709 3363 commendamenti,
725 3302 764 3345 ne
777 3304 834 3346 sve
845 3283 901 3364 piu
911 3282 996 3348 volte
1006 3282 1093 3347 facto
1104 3281 1427 3362 dimandanlicentis,
1445 3302 1527 3347 senc
1616 3303 1618 3320 ¹

405 3392 548 3456 contenti
575 3390 671 3456 debis
695 3392 868 3474 repatrian,
893 3394 954 3457 ben
972 3391 1156 3458 informadc
1173 3392 1212 3456 de
1226 3397 1315 3457 tutte
1329 3412 1410 3456 nove
1427 3412 1444 3454 e
1461 3412 1529 3456 con·
1615 3375 1618 3438 i

404 3496 506 3562 dition
523 3497 563 3564 de
580 3498 688 3580 quelle
705 3506 806 3582 parte.
823 3498 855 3564 A
866 3501 918 3563 vui
936 3507 1116 3565 veramente
1128 3497 1232 3565 Oonte
1249 3499 1456 3580 dechisrimc‚
1473 3499 1528 3564 che

403 3627 462 3688 per
486 3628 583 3672 cason
608 3607 646 3671 de
672 3607 705 3673 la
722 3607 967 3675 confederation
984 3629 1096 3675 avemo
1114 3630 1186 3674 cum
1202 3609 1234 3674 el
1250 3607 1467 3674 Serenissimo
1483 3607 1530 3672 Re

404 3712 444 3777 de
461 3713 645 3798 Hungaria,
672 3738 736 3780 ncn
762 3740 779 3780 e
805 3718 845 3782 de
862 3723 976 3782 nostra
992 3723 1109 3799 mente,
1135 3717 1194 3780 che
1211 3717 1245 3778 in
1261 3716 1291 3780 le
1308 3735 1408 3796 cesse,
1424 3713 1528 3778 chela
1617 3703 1618 3728 ³

410 3820 575 3887 Bannessa
591 3822 663 3888 fans
680 3824 796 3889 alcuna
813 3847 906 3890 cossa
932 3847 1027 3890 senza
1054 3844 1208 3908 expresso
1234 3829 1346 3889 nostro
1373 3843 1530 3886 commen·

405 3929 567 3994 «lamento.
591 3929 663 3995 Ben
680 3952 716 3994 ve
732 3939 838 4016 porte,
855 3940 963 3997 tamen
980 3934 1231 3998 humanamente
1247 3952 1319 3995 cuin
1338 3930 1386 3994 lei.

511 4037 672 4122 Departe
749 4075 790 4087 -
838 4079 880 4088 ν·
931 4045 1002 4105 141.

511 4144 562 4209 De
579 4168 642 4211 non
751 4185 794 4194 —-
841 4184 881 4196 κ-
976 4153 1004 4212 7.

511 4253 585 4319 Non
603 4256 721 4320 sinceri
749 4293 792 4304 ——-
840 4297 860 4302 -
955 4263 1003 4320 ll.

512 4418 666 4477 (Velenczei
681 4420 859 4483 sllamkcnyv
875 4423 933 4469 202.
948 4419 977 4478 1.)

891 4580 941 4589 -—-.
951 4583 1007 4588 -.-.-
1018 4578 1048 4588 -u-
