3268 5308
377 362 439 422 108
729 377 963 422 onnouaczrm
979 361 1146 421 suntuna.

483 533 519 601 Si
535 537 618 602 sorte
635 537 679 601 ad
694 537 915 619 receptionem
934 536 1134 618 presentium
1148 535 1348 618 intelligeres
1359 535 1505 619 Regiam

374 644 587 730 Majestatem
603 645 775 727 Hungarie
792 646 835 710 ad
851 649 1015 726 treuguas,
1042 666 1097 708 seu
1124 644 1166 708 ad
1187 643 1277 710 aliud
1297 643 1508 709 concordium

375 751 541 816 devenisse
557 773 629 816 oum
647 752 764 834 Tamo,
791 774 828 818 eo
845 773 922 820 casu
938 757 988 816 est
1009 757 1119 817 nostre
1144 751 1335 815 intentionis
1360 758 1393 816 et
1417 753 1509 818 volu·
1545 803 1548 808 .

375 881 455 938 mus,
477 858 565 942 quod
582 859 666 924 nihil
677 860 855 926 Serenitati
867 859 932 926 Sue
943 860 1015 943 alijs
1031 859 1070 923 de
1079 859 1234 941 predictis
1250 858 1360 924 dicere
1378 858 1509 924 debeas

483 966 525 1046 ss
573 970 635 1031 167
683 1004 726 1013 -
774 971 796 1032 4
841 1005 884 1014 -
931 973 961 1032 o.

483 1129 640 1189 (Velenozei
654 1130 837 1197 allamkfiuyv
853 1137 893 1182 74.
908 1133 939 1194 l.)

858 1312 1015 1320 -—-——-—-

914 1551 965 1609 70.

377 1703 472 1765 1461.
496 1701 522 1764 Α
542 1707 694 1770 eeleaezei
710 1708 925 1772 dllarntoao'ee
943 1710 1263 1794 Moqpororszu'paole
1279 1735 1300 1774 a
1318 1710 1410 1774 {orele
1426 1707 1508 1774 aliea

426 1811 557 1877 odaudo'
571 1816 671 1900 eepe'ly
687 1818 870 1905 to‘rpydboa
886 1818 1059 1903 ettryetb'ley
1074 1816 1190 1880 lovetot
1205 1817 1286 1883 told
1302 1816 1460 1884 Romcibo.

370 2005 434 2071 Die
451 2005 573 2073 XXII.
593 2009 758 2096 Januarij.

479 2113 645 2182 Instantia
676 2121 891 2202 periculorum
921 2121 1162 2186 imminentium
1192 2123 1301 2204 regnis
1327 2121 1504 2206 Hungarie

370 2229 402 2286 et
418 2222 558 2289 Bossine
575 2224 660 2307 feeit,
685 2233 723 2292 ut
739 2227 889 2309 remedia,
916 2249 979 2310 que
1004 2229 1159 2294 adhibere
1184 2235 1326 2312 possunt,
1349 2231 1420 2313 jam
1437 2253 1503 2296 non

369 2329 497 2412 longius
514 2333 759 2415 protrahantur,
777 2334 876 2398 etiam
893 2357 985 2417 quea
996 2335 1130 2402 Summo
1141 2334 1299 2401 Pontifice
1309 2359 1369 2419 pro
1387 2339 1496 2404 salute

369 2437 498 2502 illorum
515 2439 704 2525 Regnorum
721 2448 754 2506 et
770 2464 828 2526 pro
845 2441 942 2507 rebus
960 2449 1065 2509 status
1081 2444 1185 2509 nostri
1196 2451 1271 2508 sunt
1281 2445 1501 2528 impetranda,

370 2566 434 2608 non
449 2568 508 2628 per
523 2548 649 2614 litteras
675 2552 814 2634 amplius
835 2557 909 2616 sunt
925 2551 1128 2635 requirenda,
1145 2572 1251 2634 neque
1268 2573 1340 2616 cum
1355 2549 1497 2618 Oratore
1606 2597 1610 2602 -

369 2649 434 2717 Sue
452 2653 647 2720 Beatudinis
672 2659 726 2724 hic
751 2661 933 2741 tractanda,
958 2661 1135 2726 necessitas
1161 2683 1301 2744 namque
1317 2684 1377 2727 nos
1403 2669 1500 2746 urget

369 2768 530 2845 oportune
547 2770 579 2829 et
595 2765 776 2849 importune
792 2769 880 2850 apud
898 2768 999 2834 Suam
1009 2767 1226 2833 Sanctitatem
1244 2769 1376 2850 instare,
1392 2791 1498 2852 neque

367 2872 463 2937 modo
480 2875 579 2939 verbo
597 2880 629 2938 et
644 2875 773 2958 litteris,
800 2897 909 2939 verum
936 2877 1035 2942 etiam
1061 2877 1245 2941 interventu
1267 2876 1497 2943 Reverendisa

366 2979 582 3046 Dominorum
599 2980 833 3064 Cardinalium,
850 2982 938 3066 quod
955 2983 1024 3048 fieri
1041 3006 1106 3048 non
1121 2989 1238 3067 potest,
1254 2983 1317 3048 nisi
1332 2986 1498 3068 presentia
1517 2979 1520 2984 ’

366 3089 460 3150 unius
488 3089 637 3154 Oratoris
667 3091 778 3172 nostri,
813 3092 868 3174 qui
899 3093 1048 3157 continue
1076 3097 1108 3156 et
1132 3092 1331 3156 incessanter
1357 3093 1498 3175 insistat,

367 3194 632 3275 quandoquidem
648 3217 700 3259 res
717 3205 830 3264 nostra
846 3201 965 3282 agitur,
983 3205 1016 3263 et
1033 3199 1222 3264 adsalutem
1233 3206 1380 3266 nostram
1391 3202 1497 3266 omnis

366 3299 426 3362 hec
451 3301 590 3363 materia
616 3308 750 3385 spectat,
775 3305 847 3368 ideo
873 3307 962 3370 vadit
986 3327 1072 3389 pars,
1098 3307 1187 3388 quod
1202 3309 1235 3371 in
1251 3310 1393 3390 presenti
1411 3308 1497 3376 Con·

366 3408 438 3472 silio
465 3429 524 3490 per
549 3409 764 3491 scruptinium
790 3413 931 3495 eligatur
956 3437 1039 3479 unus
1057 3411 1186 3496 Orator,
1212 3415 1275 3497 qui,
1302 3422 1428 3498 quanto
1447 3439 1496 3483 ce-

364 3514 463 3580 lerius
487 3513 558 3579 fieri
584 3518 716 3600 poterit,
742 3517 817 3583 hinc
842 3521 991 3586 discedat
1006 3528 1039 3587 et
1056 3523 1097 3588 ad
1114 3522 1282 3607 Summum
1298 3524 1496 3590 Pontificem

366 3642 436 3686 sese
453 3624 599 3689 conferat
624 3631 825 3694 tractaturus
851 3651 899 3711 ea,
925 3651 985 3714 que
1010 3653 1068 3713 per
1085 3629 1145 3695 hoo
1162 3629 1342 3696 Consilium
1359 3633 1387 3696 ei
1404 3656 1495 3700 man·

365 3729 531 3794 dabuntur
548 3738 579 3796 et
596 3738 653 3796 ect.

472 3838 971 3922 †44-64—10.

470 4003 626 4064 (Velenczei
639 4004 818 4069 ellamkonyv
833 4007 874 4056 74.
888 4007 918 4067 1.)

845 4256 1003 4267 ro——u--
