3292 5310
673 383 767 447 1458.
1234 385 1275 447 25

150 557 293 640 primum
311 559 345 622 in
369 556 518 624 manibus
544 558 704 624 dictorum
728 561 944 626 Dominorum
975 563 1212 645 Episcoporum
1243 569 1276 626 et

150 671 227 747 post
241 667 340 730 tactis
357 667 504 732 manibus
522 669 588 732 suis
604 685 696 733 sacro
713 671 834 734 sanctis
850 671 1023 752 evangeliis
1040 676 1073 736 et
1098 675 1189 736 carta
1203 694 1276 754 pro·

150 771 301 836 fessionis
312 774 429 854 omnia,
439 793 499 855 que
511 773 573 839 sibi
583 794 640 857 per
649 782 857 857 prenotatum
867 775 1277 844 DominumJaurinensem

150 879 351 963 Episcopum
375 882 648 965 proponebantur,
679 903 733 947 ore
756 885 888 967 proprio
913 890 946 949 et
975 905 1050 950 voce
1074 886 1275 970 intelligibili

150 995 381 1070 pronunciaret
396 993 429 1053 et
444 990 644 1073 exprimeret.
672 987 758 1074 Quia
775 991 924 1057 omnibus
940 998 974 1057 et
990 992 1125 1077 singulis
1140 997 1275 1077 premis·

151 1096 196 1159 sis
213 1096 291 1159 dum
308 1097 363 1178 sic,
379 1103 416 1161 nt
430 1098 626 1180 promititur,
643 1097 757 1162 fierent
774 1106 807 1164 et
824 1104 1009 1182 agerentur,
1027 1121 1166 1166 unacum
1177 1123 1275 1186 supra

150 1204 280 1287 scriptis
295 1205 434 1270 testibus
454 1227 584 1288 presens
600 1205 743 1288 interlui,
767 1227 870 1290 eaque
895 1207 1003 1272 omnia
1027 1213 1059 1272 et
1075 1208 1206 1292 singula
1230 1212 1275 1275 sic

148 1309 222 1375 fieri
236 1307 304 1376 vidi
319 1317 352 1376 et
368 1312 487 1393 audivi,
503 1313 576 1379 ideo
590 1334 641 1378 me
656 1334 756 1379 manu
771 1315 906 1398 propria
922 1315 976 1380 hic
1008 1313 1194 1399 subscripsi,
1211 1319 1275 1402 sig·

148 1437 257 1501 noque
273 1423 306 1484 et
322 1421 451 1495 nomine
467 1421 548 1488 meis
564 1420 669 1488 solitis
684 1426 717 1486 et
735 1422 896 1488 consuetis
915 1424 1104 1507 consignavi
1119 1424 1154 1488 in
1180 1423 1276 1490 fidem

110 1529 113 1534 ’
149 1531 182 1591 et
198 1527 420 1592 testimonium
436 1528 578 1594 omnium
594 1534 626 1593 et
652 1529 853 1613 singulorum
877 1531 1109 1613 premissorum
1140 1538 1275 1614 rogatus

147 1642 182 1701 et
196 1637 380 1720 requisitus
1045 1632 1049 1640 ”

739 1727 764 1794 J
766 1749 792 1794 ο.
809 1725 996 1793 Oardiualis
1014 1725 1127 1796 Sancti
1151 1725 1274 1812 Angeli
1367 1797 1370 1806 ,

193 1796 381 1866 Oonoordat
396 1819 468 1864 cum
484 1795 648 1884 Originali

800 1853 946 1936 Legatus
957 1873 960 1878 ·
971 1875 1068 1920 manu
1083 1854 1226 1937 propria.

257 1943 386 2006 (miranti
400 1945 485 1994 suam
498 1941 592 2006 narr)

632 2068 791 2078 ...ι-.-

688 2214 737 2277 17.

152 2341 247 2402 1458.
272 2339 392 2424 Lippa
429 2338 578 2425 Szilcpyi
603 2339 734 2426 Mitdly
758 2341 968 2426 kormdnyzd,
993 2338 1095 2404 Jonas
1121 2341 1274 2404 bibernok

145 2446 254 2532 pa'pai
271 2446 388 2510 lco'oetet
400 2445 595 2511 Gadcmbocz
610 2448 802 2512 ostromc'ro'l
817 2448 881 2512 c'sa
891 2446 1043 2511 sorokuek
1053 2470 1075 2510 a
1086 2445 1274 2532 rotcsz'ldbn

442 2555 576 2620 sikcrttlt
592 2554 799 2620 ostromairo'l
816 2554 984 2640 lodo'sitja.

255 2712 538 2780 Reverendissimo
554 2715 588 2779 in
604 2711 737 2778 Christo
754 2713 853 2778 Patri
868 2710 1009 2777 Domino
1026 2709 1050 2776 J
1052 2713 1149 2779 oanni
1160 2709 1273 2779 Cardi-

144 2819 215 2883 nali
233 2816 352 2883 Sancte
368 2815 501 2902 Angeli,
527 2819 698 2904 apostolici
716 2818 810 2886 Sedis
826 2819 962 2902 Legato,
978 2816 1121 2884 Domino
1138 2823 1171 2883 et
1186 2818 1272 2900 patri

145 2923 274 2993 Nostro
290 2925 491 2992 honorande.

253 3033 537 3100 Reverendissime
554 3035 587 3099 in
612 3032 745 3101 Christo
760 3033 872 3116 Pater,
895 3031 1035 3098 Domine
1050 3031 1157 3098 Nobis
1173 3033 1273 3099 hono·

143 3142 256 3208 rande.
288 3141 383 3207 Licet
397 3141 504 3207 turchi
521 3143 578 3206 sub
596 3149 703 3209 castro
720 3140 954 3208 Galambocem
970 3141 1055 3207 sicut
1070 3141 1104 3206 id
1121 3142 1222 3206 etiam
1238 3143 1272 3206 in

144 3251 221 3314 aliis
253 3249 359 3314 literis
390 3251 512 3314 nostris
544 3252 643 3315 vestri
673 3249 856 3316 Reverendi
896 3251 1001 3333 patris
1040 3249 1273 3331 rescripsimus

144 3357 355 3438 advenerant,
381 3357 492 3440 ibique
517 3355 630 3422 diebus
661 3357 767 3423 tribus
785 3363 958 3438 steterant,
987 3356 1192 3420 intendentes
1216 3377 1273 3439 per

144 3466 292 3549 aliquam
308 3465 511 3530 occasionem
528 3461 680 3530 Castrum
695 3465 777 3530 illud
800 3487 820 3529 a
838 3463 986 3530 manibus
1012 3461 1273 3529 Oastellanorum

142 3571 318 3650 rehabere3
334 3577 445 3636 tamen
459 3593 552 3654 nunc,
567 3579 605 3638 ut
621 3594 695 3637 vere
705 3571 816 3654 fertur,
827 3572 869 3638 ab
881 3570 1051 3638 obsidione
1061 3571 1150 3636 illius
1161 3548 1273 3637 (iastri

143 3675 346 3743 Galambocz
371 3685 575 3744 recesserunt
602 3679 661 3743 sub
678 3677 897 3744 Oztrawircza
923 3679 1031 3760 ipsum
1048 3679 1273 3761 expugnaturi,

143 3784 230 3869 quod
247 3806 267 3849 a
282 3784 500 3850 Nandoralba
515 3784 619 3849 solum
636 3784 739 3850 distat
753 3786 787 3849 iu
808 3806 864 3849 sex
889 3785 1088 3862 miliaribus;
1116 3792 1274 3851 venerunt

143 3892 355 3976 quamplures
380 3890 530 3975 Vajvode
561 3891 604 3956 ad
635 3891 805 3958 Vidinium
835 3891 875 3958 de
905 3914 987 3958 novo
1017 3891 1073 3956 ubi
1103 3912 1185 3955 nave
1215 3911 1273 3972 per

143 3999 333 4065 Danubium
357 4000 610 4081 apropinquant.
641 3997 835 4082 Iguolamus
860 4006 979 4076 tamen,
1004 4017 1070 4079 qua
1111 3997 1272 4062 divertere

143 4107 273 4171 volunt:
287 4107 357 4189 jam
388 4107 459 4188 ipse
472 4179 475 4187 Α
490 4104 597 4172 Bassa
629 4127 702 4172 cum
733 4106 808 4170 aliis
835 4106 901 4178 suis
933 4101 1144 4186 complicibus
1176 4105 1273 4186 plura

250 4284 277 4346 l)
290 4288 366 4336 Ezen
388 4287 507 4350 okmdny
528 4288 659 4338 tdbbszdr
681 4288 710 4337 ki
732 4300 787 4335 van
811 4284 889 4345 advo,
912 4285 994 4334 hezai
1016 4281 1168 4332 tuddsaink
1190 4283 1272 4334 kozul

145 4375 281 4438 Kaprinai
304 4375 380 4434 Dipl.
403 4375 439 4424 11.
463 4380 522 4428 529.
546 4377 677 4438 nemettu,
700 4377 773 4439 Prey
786 4375 907 4426 Annales
920 4375 971 4424 111.
985 4376 1044 4422 224.
1066 4373 1166 4423 latinul
1180 4374 1273 4422 kdzbl-

51 4457 55 4465 '
146 4463 201 4522 tel,
224 4463 256 4512 de
280 4462 460 4512 elterdsekkel
482 4465 519 4513 es
533 4480 565 4513 az
580 4464 722 4514 alairasok
736 4461 952 4528 elhagyeissiva13
971 4478 1001 4512 ez
1016 4462 1090 4512 okok
1103 4476 1135 4510 az
1150 4461 1273 4526 egykorir

4 4545 5 4548 ¹
59 4568 62 4572 ·
146 4551 264 4602 masolat
277 4551 346 4601 uta'n
361 4551 424 4604 valo
437 4551 528 4604 ismeti
543 4551 666 4604 kdzleset
676 4552 801 4616 javalak.
