3268 5308
406 359 445 429 78
755 360 988 420 bisuntinensi
1004 345 1173 416 nnnbusu.

290 567 292 575 ⁸
404 561 459 605 eos
484 543 627 623 expecto,
649 537 730 602 satis
755 534 963 618 imperatoris
988 553 1027 595 ex
1053 530 1140 595 omni
1159 533 1253 612 parte
1269 526 1406 591 munitio
1424 526 1528 608 inper-

405 647 498 729 lecta,
524 653 562 711 ut
587 645 713 730 pridem
738 642 853 726 scripsi
877 639 1089 706 defendenda.
1114 635 1217 702 Nulla
1236 641 1312 700 sunt
1326 640 1418 718 puto,
1443 631 1532 714 quod
1621 635 1632 726 '¹

399 755 583 832 babuimus,
609 775 674 824 non
699 751 917 829 deficeremus,
941 749 998 814 sed
1022 745 1215 814 victualibus
1241 751 1273 809 et
1288 743 1387 810 armis
1404 741 1533 824 penitus

405 883 559 927 caremus
584 858 664 926 Alia
689 881 753 924 non
768 857 918 939 intelligo
942 876 1004 938 que
1029 853 1129 937 digna
1154 853 1276 934 scriptu
1297 870 1456 929 censeam,
1471 848 1536 912 nisi
1631 893 1632 910 t

288 1033 292 1038 ,
405 969 494 1053 quod
509 971 543 1034 in
561 968 744 1048 Temesrar,
767 964 922 1031 Stefanus
937 963 1023 1028 filius
1034 962 1103 1027 Por
1116 959 1314 1043 Gregorium
1331 958 1417 1022 della
1432 956 1536 1021 Bath-

406 1099 476 1142 ram
502 1077 589 1160 cepit
614 1082 647 1140 et
670 1073 828 1139 familiam
850 1073 918 1155 ejus
934 1072 1046 1154 posuit
1061 1070 1094 1133 in
1111 1068 1331 1133 Zakaranum.
1358 1065 1415 1130 Me
1431 1065 1536 1129 Reve-
1631 1163 1632 1166 Ἴ

405 1184 505 1250 rende
522 1183 744 1248 Dominationi
764 1181 806 1248 V.
823 1179 998 1262 plurimum
1022 1176 1188 1258 comendo,
1205 1174 1332 1243 Valere.
1359 1172 1485 1255 Scripsi
1502 1173 1536 1236 in
1632 1232 1633 1248 ,

405 1293 489 1358 festo
505 1296 716 1376 pentecostes.
743 1286 843 1352 Anno
859 1308 896 1351 ec
912 1283 1146 1351 Mocconx.

518 1399 559 1464 D.
576 1397 646 1467 Vre
662 1398 743 1464 Rev.
1117 1390 1316 1474 Capellanus
1332 1387 1494 1455 Albertus

1081 1498 1263 1581 Episcopus
1284 1495 1540 1562 Chanadiensis.
1632 1555 1633 1594 ,

516 1650 643 1713 (Milenoi
657 1650 739 1698 allam
753 1648 816 1697 ltetr.
835 1648 953 1710 Nagyon
967 1645 1047 1694 bibes
1060 1644 1199 1704 mesolat.)

891 1844 1050 1856 ...—-...-

947 2044 998 2105 50.

411 2190 507 2256 1460.
535 2185 689 2273 Belqrntd.
721 2186 820 2271 Nagy
843 2185 958 2251 Simon
983 2184 1132 2270 bizonyoe
1154 2184 1313 2269 pttspltbo't
1338 2209 1360 2247 a
1384 2185 1538 2249 tbrbknek
1632 2191 1633 2196 ’

615 2295 760 2378 Belym‘cl
776 2293 871 2356 elleni
885 2291 1139 2356 kcszttlr'ldc'stri'il
1156 2292 1326 2375 trtdost'tja.

516 2473 798 2540 Reverendissime
822 2473 857 2537 in
882 2469 1013 2536 Christo
1039 2470 1142 2536 Pater
1168 2478 1201 2537 et
1215 2469 1357 2535 Domine
1374 2472 1419 2536 mi
1436 2471 1539 2536 hono-

409 2583 609 2648 randissiine.

517 2688 543 2754 J
544 2711 596 2756 am
622 2691 729 2773 sepius
745 2691 888 2754 Domino
904 2689 989 2772 Regi
1006 2689 1122 2772 scripsi
1141 2689 1182 2754 de
1198 2690 1339 2755 adventu
1355 2687 1537 2754 'lurcorum

411 2804 444 2863 et
470 2797 550 2862 nihil
576 2797 707 2864 credere
727 2798 831 2863 voluit
850 2798 1111 2864 intimationibus
1126 2797 1216 2862 meis.
1233 2797 1332 2862 Feria
1348 2797 1449 2862 tertia
1466 2821 1539 2883 pro-

409 2908 493 2972 xime
524 2909 681 2990 preterita
721 2912 797 2972 ante
828 2905 1033 2971 Dominicam
1065 2903 1215 2987 Caritate,
1247 2902 1391 2970 Domino
1424 2904 1538 2990 Vajda

410 3013 601 3096 Nazwdrek,
626 3013 788 3080 Dominus
813 3012 920 3097 Regni
936 3013 1056 3079 Rascie
1089 3019 1222 3078 venerat
1247 3035 1305 3077 nos
1332 3019 1365 3078 et
1390 3020 1537 3080 castrum

410 3127 618 3203 attemptare,
642 3122 751 3205 ibique
766 3122 801 3186 in
815 3123 888 3187 loco
904 3122 1079 3207 campestri
1094 3125 1225 3187 a'mane
1249 3143 1352 3205 usque
1368 3121 1545 3190 meridiem

410 3228 609 3294 exercuimus
633 3234 726 3292 actus
751 3230 875 3312 militie,
906 3231 1115 3314 quamplures
1140 3251 1179 3296 ex
1204 3230 1286 3314 ipsis
1310 3230 1429 3297 cadere
1446 3254 1540 3317 cepe·

411 3340 496 3417 runt,
521 3357 604 3400 unus
621 3355 660 3399 ex
675 3335 754 3418 ipsis
770 3337 885 3402 incidit
900 3339 935 3400 in
950 3339 1172 3422 captivitatem
1188 3344 1344 3422 nostram,
1361 3361 1458 3424 quem
1475 3339 1541 3405 dis-

411 3443 508 3508 tricte
533 3445 753 3510 examinamus
779 3446 820 3511 de
845 3447 986 3512 adventu
1008 3449 1152 3529 ipsorum
1168 3454 1201 3513 et
1216 3447 1330 3512 retulit
1344 3447 1409 3512 isto
1425 3448 1540 3515 modo:

411 3557 448 3615 nt
465 3550 576 3634 Vajda
601 3551 797 3620 Naswelbek
823 3559 874 3619 est
898 3559 1007 3620 castra
1031 3560 1172 3621 metatus
1197 3577 1269 3620 cum
1285 3553 1377 3624 VIII
1393 3555 1541 3621 millibus

411 3655 576 3724 hominum
593 3659 775 3726 'lurcorum
800 3663 886 3728 cirea
903 3669 1046 3728 castrum
1062 3662 1183 3728 Zarno.
1209 3664 1328 3728 Hazen
1344 3663 1451 3730 Bassa
1476 3663 1541 3729 fuit

412 3764 530 3830 missus
558 3767 601 3832 ad
626 3767 750 3849 Regem
775 3771 897 3836 Bosnie
923 3793 983 3854 pro
1008 3791 1058 3855 eo,
1081 3776 1118 3835 ut
1133 3770 1218 3835 vada
1242 3791 1301 3853 per
1327 3769 1453 3835 Zavam
1478 3771 1542 3854 ipsi

411 3871 610 3941 Nasawtbek
626 3874 705 3942 dare
722 3877 864 3960 deberet,
880 3885 917 3942 ut
931 3881 1035 3962 possit
1051 3899 1159 3944 versus
1176 3875 1342 3943 Sirimium
1358 3885 1392 3944 et
1408 3879 1540 3947 Valeho

412 3982 626 4052 transfretare
644 3992 677 4051 et
693 3987 766 4070 ipsa
781 3987 865 4053 vada
876 3993 951 4052 sunt
962 3989 993 4052 ei
1003 3988 1081 4052 data
1092 3993 1125 4052 et
1136 3986 1314 4070 assignata.
1325 3986 1544 4054 Nasawftbek

412 4089 516 4156 solum
541 4100 693 4178 expectat
717 4097 820 4162 alium
845 4095 1021 4161 exercitum
1040 4116 1079 4161 ex
1095 4094 1264 4162 Obanchia
1279 4101 1460 4176 venturum,
1488 4097 1544 4178 qui
1584 4123 1588 4126 ·

411 4201 530 4264 iterum
540 4206 616 4265 sunt
626 4207 646 4265 8
656 4202 759 4267 millia
770 4209 803 4268 et
812 4205 923 4268 statim
932 4202 1162 4268 transfretabit
1172 4225 1282 4269 versus
1293 4203 1470 4270 Sirimium.
1478 4205 1545 4296 Im7
1562 4239 1566 4252 ·

413 4312 545 4389 perator
563 4331 637 4375 vero
655 4332 727 4375 cum
742 4317 812 4376 toto
829 4311 972 4404 exercitu
999 4333 1056 4376 suo
1081 4318 1130 4378 est
1150 4311 1308 4396 Iskophia
1323 4318 1357 4376 et
1372 4313 1494 4378 iterum
1510 4333 1545 4377 se

410 4417 580 4498 proposuit
605 4425 719 4484 contra
744 4425 887 4484 castrum
911 4417 1193 4502 Nandoralbense,
1218 4442 1278 4504 pro
1299 4441 1337 4486 eo
1363 4441 1445 4502 rogo
1462 4419 1546 4490 Ves-

410 4527 496 4586 tram
513 4522 761 4611 Paternitatem,
778 4533 814 4591 ut
829 4527 976 4592 consulet
991 4527 1097 4611 ipsum
1114 4527 1292 4593 Dominum
1308 4524 1443 4611 Regem,
1462 4551 1544 4612 qua·
