3314 5300
269 415 271 420 .
369 346 432 426 dli
716 359 953 426 bmionscz‘inr
971 349 1141 424 taetras.

368 565 433 609 non
458 537 654 608 dubitamus,
688 538 750 606 Oui
768 537 982 607 Serenissimo
999 539 1141 606 Domino
1158 534 1253 623 Regi,
1279 535 1341 607 nisi
1367 549 1502 633 perros
1585 513 1587 515 Ι

370 650 508 717 antehac
523 658 631 717 actum
648 651 709 716 hoc
727 656 821 731 esset,
838 649 1003 714 uolumus:
1029 654 1066 713 ut
1083 669 1191 714 coram
1209 657 1241 714 et
1257 651 1328 715 viva
1345 671 1431 729 voce,
1449 671 1502 713 ex·
1600 668 1607 672 ·

368 761 496 846 plicetis
521 782 569 839 ea,
595 780 657 842 que
682 779 741 841 per
766 757 1009 839 suprascriptas
1035 756 1165 823 litteras
1182 764 1312 823 nostras
1329 758 1503 842 Majcstati

370 870 434 936 Sue
450 891 508 954 per
524 890 579 933 vos
596 865 820 932 mandavimus
837 863 1043 928 declaranda.
1060 862 1110 929 At
1126 864 1288 947 quomodo
1301 863 1330 929 N
1335 873 1503 932 arrentam

370 985 402 1044 ct
419 977 576 1045 Orainam
601 981 713 1042 nostro
729 974 885 1039 Dominio
911 996 943 1038 se
960 995 993 1038 se
1010 974 1095 1040 ultro
1112 976 1264 1041 dedentes
1283 975 1371 1040 hisce
1388 976 1505 1041 dicbus

369 1069 561 1170 accepimus
597 1085 795 1151 assentiente
819 1083 959 1147 maxime
986 1082 1115 1148 Illustri
1140 1084 1282 1149 Domino
1308 1083 1403 1148 Duce
1431 1083 1506 1150 Ste-

369 1197 488 1280 phano,
514 1195 570 1277 qui
596 1215 668 1258 cum
694 1191 918 1271 intellexisset,
944 1190 1115 1256 nonnullos
1142 1191 1281 1286 rebelles
1298 1213 1373 1256 suos
1392 1213 1505 1258 eorum

370 1306 515 1371 locorum
541 1326 614 1370 cum
639 1301 747 1368 Tureo
774 1300 1027 1384 intelligentiam
1048 1300 1178 1382 habere,
1204 1301 1322 1366 maluit
1337 1303 1412 1385 ipsa
1428 1301 1502 1365 loca
1545 1315 1547 1320 ·

370 1435 429 1498 pro
453 1412 538 1477 bono
563 1393 817 1476 christianornm
842 1409 875 1472 in
900 1407 1057 1474 ditionem
1082 1415 1226 1474 nostram
1252 1410 1369 1488 venire,
1405 1429 1506 1492 quam

372 1520 472 1585 Turci
497 1519 667 1602 imperium
692 1519 848 1600 accipere,
873 1517 900 1579 si
926 1515 1010 1582 forte
1026 1517 1089 1582 hac
1106 1517 1145 1583 de
1161 1538 1197 1582 re
1213 1523 1271 1582 aut
1285 1539 1344 1601 per
1361 1517 1507 1602 Regiam

375 1628 595 1711 Majestatem,
613 1647 676 1708 que
692 1623 734 1690 ab
750 1623 914 1706 Raguseis
932 1623 1107 1707 stimulata,
1124 1645 1221 1707 super
1237 1625 1424 1708 hujusmodi
1442 1645 1509 1688 ma-

371 1739 455 1802 teria
475 1736 569 1802 nobis
585 1755 660 1799 suas
677 1733 790 1798 literas
807 1733 945 1816 scripsit,
971 1755 1111 1816 quarum
1129 1734 1311 1817 exemplum
1328 1735 1419 1800 vobis
1435 1755 1509 1816 pre·

373 1847 518 1912 sentibus
543 1841 702 1907 inclusum
728 1841 897 1923 mittimus
925 1848 983 1907 aut
1008 1864 1068 1926 per
1093 1843 1192 1908 alium
1215 1844 1400 1926 quempiam
1417 1843 1508 1926 quic-

373 1975 472 2037 quam
488 1950 580 2018 vobis
598 1949 737 2015 dicetur:
763 1949 920 2030 uolumus,
936 1954 973 2013 ut
984 1948 1170 2033 justificetis
1186 1956 1219 2014 et
1235 1951 1416 2014 honestetis
1433 1971 1509 2014 cau-

374 2083 444 2126 sam
461 2063 606 2124 nostram
624 2057 854 2140 suprascriptis
870 2061 904 2120 et
920 2055 996 2141 alijs
1013 2058 1202 2139 rationibus,
1225 2079 1288 2140 que
1306 2064 1413 2123 vestre
1429 2081 1510 2142 pru-

376 2169 486 2233 dentie
502 2165 745 2231 accommodate
762 2170 795 2229 et
809 2164 907 2229 utiles
922 2164 1125 2229 videbuntur.

481 2276 524 2360 ΔΓ
575 2277 636 2338 ras
686 2315 722 2322 -
774 2278 793 2336 o
841 2309 882 2318 „.
933 2276 960 2336 1.

484 2437 642 2502 (Velenczei
655 2437 739 2486 allam
754 2437 811 2486 ltalr
827 2438 884 2486 125.
899 2435 929 2497 l.)

380 3001 476 3063 1465.
510 2996 609 3062 Collis
634 2994 754 3059 Gelle'rt
780 2995 933 3059 velenczei
957 2996 1046 3060 lover
1072 2996 1202 3082 eyyebek
1228 2997 1298 3060 ledat
1323 3021 1344 3060 a
1361 3019 1512 3082 mappae·

563 3104 717 3189 tipyelcrd'l
732 3103 763 3166 is
778 3105 935 3186 tuddsitja
952 3129 972 3168 a
988 3100 1128 3168 rnildndi
1136 3103 1331 3190 fejedelrnet.

485 3299 713 3364 Illustrissimo
726 3297 872 3382 Signorc.
890 3298 948 3365 Ali
959 3299 1019 3384 VI,
1031 3301 1070 3366 de
1087 3308 1201 3384 questo
1218 3301 1260 3367 ho
1277 3307 1431 3366 recevuto
1442 3323 1510 3368 una

379 3411 418 3474 de
435 3407 558 3476 Vostra
573 3407 779 3474 Excellencia
805 3407 882 3472 date
900 3408 933 3472 al
949 3409 1064 3473 ultimo
1081 3409 1133 3474 del
1149 3417 1293 3492 passam,
1320 3409 1511 3474 continente

377 3525 429 3583 tre
454 3537 561 3597 cosse3
592 3515 626 3580 la
651 3516 759 3598 prima
785 3515 824 3579 de
850 3515 884 3580 la
908 3517 1040 3581 licentia
1066 3516 1105 3581 de
1123 3515 1196 3584 VII
1221 3517 1310 3582 mille
1327 3531 1450 3592 somme
1467 3517 1511 3584 de

379 3626 550 3706 formento
576 3625 620 3688 ha
646 3645 796 3688 concesso
817 3624 857 3692 V.
882 3624 1091 3690 Excellencia
1114 3673 1345 3691 ........
1370 3631 1404 3689 et
1429 3626 1511 3692 dato

378 3735 402 3798 il
422 3733 518 3798 modo
545 3733 588 3797 ad
604 3729 646 3796 D.
663 3731 844 3797 Domenico
862 3731 995 3814 Belono‚
1022 3753 1112 3798 como
1129 3733 1154 3796 il
1171 3733 1198 3796 si
1214 3731 1303 3816 habij
1322 3753 1342 3797 a
1357 3731 1429 3798 fare
1447 3740 1511 3798 etc.

378 3842 428 3906 La
453 3839 593 3905 secunda
613 3839 656 3903 ha
681 3887 882 3904 .........
908 3840 937 3905 le
954 3862 1060 3922 zanze,
1088 3862 1165 3906 sono
1183 3840 1270 3906 dicte
1286 3842 1326 3905 de
1342 3841 1508 3925 Bologna,

378 3950 436 4014 che
462 3969 526 4013 non
553 3968 631 4012 sono
657 3967 748 4028 vere3
771 3948 848 4012 item
876 3969 966 4014 como
985 3949 1018 4014 la
1034 3948 1166 4015 Maesta
1184 3949 1236 4014 del
1252 3949 1302 4014 Re
1319 3949 1359 4013 de
1375 3949 1511 4014 Franza

378 4079 435 4122 era
451 4105 650 4122 .........
666 4077 728 4139 poy
745 4057 855 4120 venira
872 4057 914 4120 ad
930 4057 1059 4141 Burges
1076 4059 1108 4123 in
1126 4058 1221 4123 Berri
1238 4079 1298 4122 con
1314 4057 1347 4122 la
1368 4057 1513 4140 Regina.

378 4163 463 4229 Item
476 4165 548 4230 chio
560 4164 687 4229 solicita
698 4163 731 4228 la
742 4165 944 4246 expeditione
956 4166 995 4231 de
1006 4167 1182 4232 lataverna
1192 4165 1235 4229 da
1246 4164 1404 4232 Sonzeno.
1421 4164 1512 4232 Tute

379 4281 492 4355 queste
509 4294 598 4338 cosse
615 4272 658 4337 ho
674 4272 760 4338 facto
778 4275 944 4340 intendere
961 4298 981 4342 a
997 4276 1030 4341 la
1045 4275 1173 4359 prelata
1192 4274 1346 4360 Signoria
1355 4323 1473 4341 .......
1475 4275 1512 4362 ²¹²)

380 4419 592 4430 —-—⁴-—·

486 4469 511 4534 i)
524 4473 549 4522 A
558 4472 657 4523 hosszr'r
671 4475 793 4525 levelbdl
805 4475 948 4526 hananias
961 4477 1026 4528 csak
1038 4476 1121 4526 kevts
1134 4483 1200 4540 pont
1215 4474 1388 4536 e'rdekelvdn,
1406 4477 1515 4526 atdbbi

379 4559 485 4628 pontok
499 4562 688 4625 elhagyattak.
1378 4564 1475 4618 Szerk.
1551 4626 1554 4635 1
