3292 5310
648 355 742 424 1459.
874 346 881 364 “
1220 367 1260 429 66

13 613 14 616 ¹
142 530 277 601 Venetia
286 535 439 601 mandate
452 542 540 602 certe
550 536 667 602 lettere
677 537 765 604 della
776 536 908 604 Maesta
922 539 962 604 de
971 537 1165 622 prefatoRe,
1176 540 1262 606 delle

139 641 227 724 quali
236 642 278 707 ha
288 647 386 707 avuto
396 643 426 708 16
436 645 644 728 responsione
655 643 783 712 Vestre.
803 642 847 710 Se
864 667 958 712 sousa
973 667 1008 710 66
1026 667 1091 711 non
1109 668 1126 711 e
1143 657 1261 714 venuto

137 735 204 814 esso
213 748 715 835 daVostraExoelentia,perche
726 753 759 817 16
769 753 983 837 importantia
993 755 1032 819 de
1043 755 1073 818 16
1083 776 1156 821 0066
1167 756 1209 821 ha
1219 757 1262 820 ad

136 855 274 921 16166611
290 863 403 924 nostro
415 858 564 942 Signore,
581 859 751 927 ricbedera
769 861 1262 948 66161116,611166661611011661

136 965 285 1047 subsidio,
302 986 319 1030 6
336 986 394 1048 per
410 965 490 1050 fare,
505 966 563 1032 ohe
578 967 612 1033 la
623 966 773 1034 Sanctita
790 968 842 1033 del
852 966 971 1033 Nostro
982 967 1118 1052 Signore
1134 972 1261 1056 ritraga

135 1071 164 1135 lo
175 1069 390 1137 Serenissimo
401 1073 605 1158 Imperatore
615 1075 658 1140 da
667 1075 861 1158 perturbare
873 1076 903 1140 el
913 1075 964 1141 Re
975 1075 1184 1160 d'Ungberia,
1201 1100 1262 1143 con
1385 1155 1390 1160 ,

135 1178 164 1243 10
188 1182 267 1263 qual
293 1203 365 1248 esso
382 1182 432 1248 Re
454 1182 493 1248 de
508 1183 620 1250 Bosna
635 1185 762 1250 havera
776 1205 872 1268 preso
889 1185 970 1250 certi
986 1185 1062 1250 boni
1079 1185 1186 1250 ordini
1202 1208 1261 1270 per

135 1287 319 1354 defensione
336 1290 376 1354 de
392 1291 426 1355 la
442 1289 625 1375 Republica
641 1291 826 1376 christiana,
854 1292 942 1375 quali
958 1313 1018 1376 per
1038 1292 1103 1357 1616
1128 1293 1261 1376 impedi-

135 1402 241 1460 mento
263 1418 329 1462 non
346 1419 379 1462 66
396 1398 636 1480 egsegviscono.
662 1397 755 1466 Vene
781 1421 901 1465 ancora
922 1399 974 1463 via
999 1398 1105 1481 dogna
1122 1397 1261 1466 Ambas-

134 1501 216 1568 oiata
232 1503 274 1568 (16
291 1502 505 1570 Serenissimo
522 1505 573 1570 Re
592 1506 799 1589 d’Ungharia
816 1507 886 1571 6166
902 1505 1058 1571 l’Illustre
1072 1505 1174 1571 Conte
1191 1506 1261 1573 Ste-

134 1610 237 1692 phano
264 1611 304 1676 de
321 1609 431 1696 Segne
458 1618 491 1676 61
518 1611 582 1696 doij
600 1613 781 1695 dignissimi
797 1613 945 1692 Vesoovi,
970 1613 994 1678 li
1010 1613 1099 1695 quali
1116 1615 1149 1678 in
1165 1615 1260 1680 breve

134 1739 271 1782 seranno
297 1719 362 1801 qui,
386 1717 461 1784 dell’
487 1715 712 1785 Ambasciada
738 1721 778 1786 116
805 1721 993 1804 Borgogna,
1020 1741 1059 1784 ex
1083 1721 1123 1786 de
1150 1722 1260 1803 quella

13 1895 14 1916 ἦ
133 1821 322 1908 d'Aragona
343 1830 454 1892 vostra
472 1825 675 1892 Excellentia
691 1850 725 1892 66
741 1849 758 1893 6
775 1827 961 1892 informata.
985 1827 1122 1893 Mantus
1139 1829 1191 1893 die
1208 1833 1260 1895 29.

13 1947 15 2022 ξ
133 1929 278 2016 Giugnio
297 1937 390 1998 1459.
653 1937 658 1948 '
910 1933 991 2002 Otto
1009 1935 1048 2000 de
1066 1933 1215 2002 Corneto.

13 2049 14 2052 ’
236 2052 367 2123 (11116661
382 2063 466 2110 onam
479 2061 554 2122 nar.)

616 2223 773 2231 ..ἡ-ἡ--.

668 2423 720 2486 41.
750 2508 752 2514 Ι

13 2591 15 2668 ζ
135 2581 226 2644 1459.
253 2579 286 2644 Α
307 2579 458 2644 6616116661
481 2583 578 2647 1111666
602 2585 717 2645 tondes
743 2583 934 2646 1161611οκ016
961 2584 1072 2648 1616116
1083 2579 1259 2668 fejedelern

14 2689 16 2714 ³
360 2690 541 2754 tovereicek
559 2692 695 2754 adaudo'
711 2690 822 2754 vdlosz
839 2693 1032 2777 tdrqyribau.

14 2919 15 2926 1
134 2883 386 2952 MOOOOLIX.
404 2873 769 2970 (1161118661611111116.

136 2988 305 3076 881111Πῖθῦ
322 2991 459 3077 0⁰¹¹Sffij
652 3009 748 3095 Quod
797 3009 996 3078 Oratoribus
1042 3009 1260 3077 Illustrissimi

15 3193 16 3196 Ἴ
213 3126 228 3161 1
322 3101 504 3200 iffi*
562 3118 694 3184 Domini
709 3117 812 3184 Ducis
826 3116 954 3184 Stefani
965 3116 1079 3184 Sancti
1091 3115 1186 3199 Save,
1203 3118 1259 3200 qui

16 3287 18 3308 ‚
133 3231 285 3290 venerunt
301 3225 344 3290 ad
360 3225 561 3309 presentiam
582 3230 728 3290 nostram
754 3225 840 3290 01106
865 3223 1173 3306 particularitatem,
1199 3245 1259 3308 per

134 3354 226 3415 quam
236 3338 386 3417 sumptus
402 3331 466 3399 suit
482 3338 659 3416 respectus,
674 3332 826 3398 videlicet
842 3333 881 3397 de
896 3331 953 3397 illo
969 3332 1051 3414 loco,
1068 3332 1135 3397 sive
1152 3338 1259 3397 castro

133 3440 190 3506 sibi
215 3442 377 3525 requisito
403 3463 461 3526 per
478 3440 727 3506 Serenissimum
743 3441 868 3523 Regem
884 3439 1032 3522 Bossine,
1059 3439 1147 3523 quod
1173 3440 1259 3505 idem

133 3545 205 3614 Dux
226 3557 265 3615 ut
281 3549 397 3616 asserit
411 3549 520 3632 potius
537 3547 614 3614 dare
630 3553 877 3615 contentaretur
894 3547 1032 3630 Tauron,
1057 3569 1155 3631 quarn
1172 3546 1258 3612 dioto

133 3652 222 3740 Regi,
250 3678 350 3741 super
376 3678 441 3741 qua
456 3678 493 3722 16
509 3656 645 3741 requirit
654 3641 831 3721 'eonsilium
847 3660 879 3722 et
895 3653 1038 3725 favorem
1053 3661 1210 3737 nostrum,
1227 3661 1260 3719 et

134 3766 217 3845 quod
233 3765 416 3832 scribamus
434 3770 494 3831 661.
511 3771 568 3830 661.
597 3766 682 3830 sieut
696 3785 755 3848 per
772 3761 885 3830 Seren.
900 3764 941 3831 D.
958 3765 1085 3831 Ducem
1105 3764 1159 3830 isti
1176 3763 1259 3829 Con-

135 3871 203 3938 silio
219 3872 363 3940 relatum
378 3879 437 3956 est,
456 3873 727 3957 Respondeatur:

236 3981 335 4066 Quod
360 3982 443 4047 siout
466 3980 635 4046 multoties
661 3980 811 4062 diximus,
837 3979 886 4045 ita
902 4000 988 4044 nunc
1004 3979 1103 4044 etiam
1119 3976 1256 4061 replica·

18 4069 20 4084 ’
137 4105 209 4171 mus,
237 4089 326 4172 quod
342 4087 488 4173 profecto
506 4109 617 4153 sumus
633 4086 807 4172 plurimum
824 4083 932 4151 affecti
949 4083 1002 4148 Ill.
1017 4085 1160 4149 Domino
1177 4081 1256 4166 Suo,

19 4261 21 4276 ‚
135 4194 262 4282 ejusque
286 4197 452 4279 honorem,
477 4197 599 4263 bonum
624 4201 746 4262 statum
761 4200 794 4259 61
810 4190 979 4257 commoda
995 4212 1124 4274 semper
1139 4191 1256 4256 intelli·

19 4379 21 4410 ,
137 4322 206 4386 gere
223 4308 382 4391 cupimus,
398 4305 554 4373 vellemus
570 4326 699 4389 quoque
715 4325 755 4369 ex
771 4321 889 4384 amore,
905 4320 1001 4383 quem
1011 4298 1073 4364 sibi
1086 4300 1254 4383 gerrimus,

19 4413 20 4448 ³
137 4433 258 4499 semper
283 4415 344 4481 sibi
365 4434 615 4482 commemorare
631 4435 670 4479 ea
686 4412 805 4494 omnia,
831 4429 896 4494 que
913 4407 974 4474 sibi
988 4407 1084 4474 utilia
1100 4428 1171 4473 esse
1187 4429 1260 4492 cog·

138 4537 333 4588 nosceremus
360 4522 416 4588 sed
432 4544 504 4589 oum
522 4521 675 4591 derebus
693 4521 826 4588 illarum
841 4518 984 4603 partium
1001 4540 1066 4583 non
1082 4515 1261 4584 babeamus
