3256 5304
656 789 728 850 133.

121 965 221 1026 1463.
253 968 281 1026 A
300 965 454 1028 uelenczci
478 966 699 1029 (illabatana‘cs
724 967 883 1051 tnnddsitjo
901 968 1112 1031 Giustiniani
1131 968 1253 1033 Bennett

118 1073 228 1136 rdnnai
254 1075 371 1137 kbuele't
394 1074 599 1138 Bosznidnalc
616 1099 637 1138 a
654 1076 744 1138 torulo
762 1077 845 1138 (11101
862 1077 977 1139 idste'nt
1002 1074 1249 1160 elfcplalaeisdrdl

562 1185 594 1244 e's
611 1183 810 1267 scpdlyt'ke‘r.

121 1391 418 1461 MCOCOLXIII.
435 1396 486 1460 die
503 1395 548 1460 X.
565 1395 669 1461 Junii.

233 1499 293 1567 Ser
304 1497 475 1569 Bernardo
486 1503 687 1585 ‹iustiniana
704 1503 810 1584 militi,
827 1502 961 1568 Oratori
979 1510 1091 1569 nostro
1107 1503 1149 1570 ad
1160 1504 1254 1571 Sum·

121 1613 209 1674 m'um
226 1609 427 1676 Pontificem.

230 1717 287 1782 Ad
304 1719 447 1785 officium
463 1728 607 1786 nostrum
618 1722 783 1804 pertinere
794 1721 1017 1801 cognoscimus
1027 1742 1065 1784 ea
1075 1721 1254 1804 presertim,

122 1826 186 1908 qne
211 1821 342 1900 maximi
369 1817 523 1912 ponderis
549 1830 692 1894 suntad
719 1831 857 1894 salutern
883 1829 1059 1894 christiane
1076 1830 1242 1908 religionis

122 1933 278 2000 Pontifici
293 1936 442 2002 Maximo
468 1943 547 2001 uota
572 1937 686 2001 lacere.
721 1925 917 2002 Nuntiamns
933 1938 1043 2019 itaque
1060 1937 1162 2018 vobis,
1187 1960 1252 2002 nou

122 2042 191 2105 sine
217 2043 309 2122 gravi
333 2043 434 2106 animi
459 2043 563 2107 nostri
589 2044 747 2122 molestia,
773 2042 938 2106 Γ1010110111
964 2042 1123 2125 perfidum
1148 2044 1252 2107 crucis

8 2147 17 2238 ’ἡ
122 2151 258 2230 hostem,
284 2172 342 2232 per
368 2172 415 2231 ea,
443 2171 506 2232 que
523 2151 632 2217 multis
648 2151 751 2216 modis
768 2150 923 2216 habemus
940 2172 1011 2215 cum
1028 2151 1252 2233 potentissimo

120 2251 267 2321 exercitu
284 2251 435 2340 Regnum
451 2259 589 2323 Bossine
615 2258 798 2337 insultasse,
824 2257 957 2340 jamque
974 2258 1182 2340 intercepisse
1198 2279 1253 2340 po-

121 2367 236 2429 tiorem
263 2363 393 2448 partem
417 2362 525 2448 Regni
549 2365 660 2447 ipsius,
685 2387 723 2430 ac
747 2363 820 2429 loca
843 2373 877 2429 et
902 2365 1023 2447 oppida
1047 2364 1252 2448 principalia.

127 2471 215 2556 Quin
236 2475 333 2538 immo
350 2475 447 2538 etiam
465 2473 603 2538 allatum
620 2480 678 2555 est,
695 2473 820 2554 Regem
837 2475 942 2556 ipsum
958 2473 1095 2538 Bossine
1111 2475 1144 2539 in
1161 2475 1253 2538 mise-

124 2582 262 2646 rabilem
289 2583 513 2665 captivitatem
531 2581 735 2647 Turchorum
761 2583 927 2648 devenisse
947 2603 1018 2646 cum
1034 2582 1133 2647 totali
1150 2579 1254 2648 exter·

124 2684 225 2752 'minio
250 2686 361 2752 rerum
386 2687 526 2768 illarum,
553 2689 635 2754 sicut
651 2710 708 2771 per
725 2690 874 2773 exempla
889 2689 1086 2770 litterarum,
1111 2710 1253 2772 nupera

127 2799 219 2864 nobis
236 2805 455 2881 acceptarum,
473 2821 535 2881 quc
552 2799 642 2863 vobis
659 2800 818 2864 mittimus
834 2799 1063 2883 liisimplicita,
1080 2799 1255 2882 sideropo-

124 2907 239 2988 teritis
264 2908 412 2972 volumus
428 2908 528 2991 igitur
544 2896 577 2971 et
592 2909 785 2973 mandamus
802 2907 900 2988 vobis,
926 2907 1013 2991 quod
1028 2908 1167 2990 receptis
1183 2929 1255 2990 pre·
1332 2899 1334 2901 ¹

126 3018 279 3098 sentibus
305 3018 502 3099 presentiam
517 3016 660 3082 Romani
678 3017 846 3083 Pontificis
872 3017 963 3081 adire
979 3017 1109 3096 curetis,
1134 3014 1255 3099 signifi·

126 3123 228 3189 cando
255 3125 316 3189 sibi
342 3122 483 3192 infelicia
509 3145 593 3190 nova
618 3125 787 3206 ejusmodi,
813 3146 875 3206 que
900 3124 1023 3207 judicio
1039 3129 1151 3189 nostro
1167 3123 1254 3190 tanti

125 3233 281 3296 momenti
303 3225 340 3295 ¹et
365 3231 517 3314 ponderis
543 3238 618 3296 sunt
643 3232 842 3297 adsalutem
859 3231 997 3296 nominis
1013 3232 1193 3314 christiani,
1218 3238 1256 3296 ut

126 3341 175 3403 vix
192 3346 326 3406 tanturn
337 3340 483 3404 estimari
494 3341 626 3423 possint,
643 3347 801 3422 quantum
813 3347 987 3420 merentur,
1004 3340 1256 3423 dubitamusque

125 3455 157 3513 et
182 3448 357 3515 manifeste
380 3439 489 3514 ¹uidere
515 3449 671 3528 videmur,
697 3449 784 3532 quod
809 3450 872 3513 uisi
897 3435 1051 3513 remediis
1078 3455 1111 3513 et
1136 3447 1256 3512 validis

125 3555 367 3639 provisionibus
384 3556 459 3620 huic
477 3555 587 3621 morbo
599 3555 754 3638 pestifero
765 3541 972 3621 occurratur:
989 3555 1143 3639 graviora
1152 3554 1258 3620 adhuc
1362 3565 1372 3622 s

11 3737 13 3746 y
93 3699 97 3703 -
125 3671 155 3729 et
180 3664 414 3747 irreparabilia
439 3663 528 3728 mala
553 3662 698 3746 quotidie
717 3651 928 3746 'expectanda
954 3664 1018 3727 sint
1042 3665 1077 3727 in
1093 3662 1256 3728 excidium
1366 3736 1367 3740 η

125 3773 387 3852 christianitatis,
412 3767 475 3854 que
501 3771 610 3836 omnia
626 3778 783 3854 quantum
800 3770 1001 3854 deploranda
1018 3771 1093 3851 sint,
1108 3768 1258 3835 Beatitu-
1361 3836 1364 3842 ,
1409 3842 1412 3845 ,

124 3880 234 3945 dinem
250 3879 392 3945 Romani
413 3877 583 3944 Pontificis
609 3899 673 3944 uon
700 3878 888 3944 dubitamus
913 3879 1009 3960 longe
1025 3877 1143 3942 melius
1160 3899 1258 3960 quam
1336 3867 1349 3894 ⁵

125 4007 183 4052 nos
198 3987 385 4069 intelligere
401 4006 505 4068 posse.
615 3979 617 3984 ’
719 3983 720 3988 ’

234 4094 467 4178 Volumusque,
493 4095 582 4176 quod
608 4115 692 4158 nova
718 4095 784 4158 ista
810 4093 1019 4159 comunicctis
1045 4091 1199 4156 cumillis
1221 4109 1261 4155 ex

128 4201 423 4268 Revereudissimis
442 4200 682 4283 Cardinalibus,
710 4201 766 4284 qui
782 4201 872 4265 vobis
889 4200 1096 4281 videbuntur,
1112 4199 1178 4263 illis
1195 4197 1260 4262 elfi-

128 4310 303 4375 catioribus
321 4315 354 4374 et
369 4307 656 4392 pertinentioribus
670 4307 787 4387 verbis,
804 4329 868 4390 que
884 4307 1059 4391 prudentia
1077 4311 1188 4371 vestra
1204 4321 1260 4370 uo·

129 4421 206 4483 verit
230 4417 394 4501 expedire.
418 4417 465 4481 Et
489 4418 552 4481 hoc
575 4418 662 4482 idem
688 4413 833 4481 volumus
850 4437 908 4498 per
924 4438 980 4481 vos
996 4411 1067 4479 fieri
1084 4435 1160 4478 curn
1177 4411 1260 4478 Ora-

129 4527 251 4591 toribus
272 4523 480 4591 Sercnissimi
497 4527 600 4607 Regis
616 4525 796 4605 Hungarie.

1102 4628 1152 4685 14·
