3314 5300
341 379 406 445 292
693 387 927 441 omnounozmr
943 374 1110 437 66661666.

341 556 585 643 significabatur
616 556 656 621 de
688 556 840 620 missione
873 553 1031 636 ejusmodi
1063 553 1283 635 pecuniarum,
1317 547 1472 633 quodque

342 667 507 733 Serenitas
534 665 602 730 Sua
629 685 683 729 eos
710 669 876 747 acceptum
903 665 1057 745 mitteret,
1084 661 1161 744 quia
1181 660 1339 724 Rectores
1365 655 1472 720 nostri

341 774 446 839 dadre
472 795 526 838 eos
551 773 666 837 nuntio
693 771 887 837 serenitatis
915 770 981 837 Sue
1007 771 1199 852 consignare
1220 771 1253 834 in
1270 765 1473 831 mandatisa

341 890 453 948 nostro
469 883 624 948 Dominio
649 881 823 946 habebant.
857 878 938 946 Oum
966 879 1084 961 quibus
1101 879 1219 944 litteris
1235 899 1293 960 per
1310 873 1473 941 velocissi-

341 1013 428 1055 mum
444 992 595 1054 nuncium
612 992 708 1056 misse
726 992 823 1056 etiam
841 989 962 1055 fuerint
978 991 1089 1054 littere
1106 991 1207 1072 ipsius
1225 987 1318 1054 Sacri
1331 984 1471 1067 Collegij

297 1153 302 1160 .
343 1121 439 1182 super
462 1100 606 1182 pecunijs
622 1098 700 1182 ipsis
716 1099 830 1180 missis,
856 1099 964 1182 sitque
980 1099 1164 1178 verisimile,
1191 1096 1279 1179 quod
1294 1095 1418 1159 habitis
1434 1092 1474 1156 li-

341 1209 421 1271 toris
438 1208 526 1289 ipsiS,
553 1206 620 1273 Sua
637 1207 813 1288 Serenitas,
829 1229 928 1292 quam
945 1204 1066 1272 Orator
1083 1213 1198 1272 noster
1214 1204 1387 1289 postremis
1403 1201 1473 1264 lite-

342 1315 387 1378 ris
414 1315 478 1378 suis
504 1314 718 1396 significatio
734 1335 852 1396 magna
868 1319 1013 1396 egestate
1030 1313 1243 1396 pecuniarum
1260 1310 1474 1376 constitutam

344 1444 423 1504 osse,
441 1443 496 1486 eas
514 1428 682 1504 acceptum
700 1421 768 1485 6166
784 1422 938 1504 temporis
954 1419 1190 1486 intermissione
1207 1419 1340 1499 miserit,
1358 1423 1391 1482 et
1409 1415 1474 1480 for-

342 1538 428 1595 tasse
442 1529 511 1612 jem
528 1535 578 1594 tot
596 1529 663 1592 dies
679 1529 754 1593 inde
771 1529 897 1611 accepti
914 1550 984 1592 esse
999 1530 1135 1612 possint,
1163 1527 1250 1611 quod
1267 1528 1293 1591 si
1311 1528 1359 1592 ita
1377 1529 1472 1601 esset,

342 1638 503 1719 Majestas
521 1636 588 1703 Sua
606 1639 647 1702 ad
663 1659 794 1719 presens
811 1638 887 1721 alijs
904 1637 1051 1720 pecunijs
1067 1660 1132 1701 non
1149 1636 1249 1702 habet
1266 1656 1353 1718 opus.

451 1796 673 1881 Quamobrem
691 1797 782 1863 vadit
797 1820 882 1882 pars,
911 1798 998 1881 quod
1014 1798 1249 1881 respondeatur
1266 1793 1474 1861 Cancellario

343 1907 444 1990 ipsius
461 1906 578 1989 Regis:
604 1928 663 1970 nos
690 1909 853 1990 accepisse
870 1907 983 1970 literas
1000 1913 1073 1970 tuas
1091 1905 1197 1990 Segne
1214 1905 1406 1986 obsignatas
1423 1925 1474 1967 oc-

343 2023 418 2080 tavo
435 2015 539 2098 hujus,
556 2015 673 2099 quibus
688 2016 863 2081 intellectis
879 2014 1119 2097 respondemus,
1137 2014 1225 2097 quod
1244 2014 1321 2078 dum
1337 2011 1475 2077 Ancona

343 2145 493 2204 essemus,
519 2145 558 2188 ex
582 2123 731 2188 condicto
756 2125 841 2187 inter
869 2121 1006 2188 Sacrum
1021 2122 1379 2188 Reverendissimorurn
1396 2119 1475 2186 Car-

344 2231 502 2296 dinalium
518 2229 708 2314 Collegium,
735 2238 768 2294 61
784 2252 852 2312 666,
868 2231 958 2295 missi
975 2228 1262 2318 fueruntJadram
1277 2229 1390 2294 ducati
1406 2227 1474 2292 XL

344 2339 441 2403 mdc
467 2359 605 2422 camera,
632 2360 691 2422 pro
708 2338 916 2403 subventione
934 2337 1127 2404 Serenitatis
1146 2336 1220 2418 Sue,
1246 2337 1402 2402 adversus
1418 2336 1475 2399 im·

344 2447 434 2529 pium
467 2448 571 2512 crucis
602 2448 776 2512 inimicum.
824 2445 876 2511 De
907 2447 1059 2512 missione
1093 2467 1231 2529 quarum
1262 2446 1475 2529 pecuniarum

345 2553 483 2619 XXVI.
500 2553 645 2638 Augusti
663 2555 812 2637 proxima
828 2555 932 2620 eidem
950 2553 1164 2620 serenissimo
1180 2553 1265 2635 Regi
1282 2550 1475 2636 significavi-

344 2683 426 2742 6666,
441 2661 530 2741 quod
546 2683 602 2726 eas
619 2668 788 2742 acceptum
805 2663 959 2742 mitteret,
977 2663 1054 2744 quia
1070 2661 1228 2726 Rectores
1244 2661 1346 2744 ipsius
1362 2665 1474 2723 nostre

345 2766 498 2832 Civitatis
514 2769 548 2831 in
564 2769 727 2834 mandatis
744 2791 763 2834 a
780 2769 874 2835 uobis
891 2769 1021 2850 habent,
1038 2791 1093 2835 eos
1110 2767 1174 2834 Sue
1190 2769 1378 2854 Majestatis
1395 2789 1476 2831 666-

344 2878 390 2940 116
418 2878 627 2960 consignare;
652 2900 723 2942 cum
748 2877 866 2961 quibus
893 2878 999 2942 literis
1024 2879 1146 2943 nostris
1174 2878 1319 2943 misimus
1346 2896 1475 2958 quoque

344 2986 457 3050 literas
483 2987 585 3069 ipsius
610 2988 694 3052 sacri
720 2983 858 3069 Collegij
887 3007 984 3069 super
1002 3008 1037 3051 re
1053 2988 1126 3069 ipsa
1142 2986 1339 3070 pecuniaria,
1365 3006 1476 3067 quam-

345 3091 456 3157 obr'em
473 3091 613 3158 Jadram
631 3115 664 3157 se
681 3093 827 3160 conferre
843 3101 961 3178 potest,
990 3094 1068 3176 quia
1089 3095 1115 3157 si
1132 3095 1204 3159 Rex
1220 3115 1297 3158 suus
1315 3091 1477 3176 ejusmodi

343 3201 497 3280 pecunias
520 3201 663 3264 noudum
689 3203 837 3279 misisset,
871 3207 1042 3284 acceptum
1063 3201 1252 3284 jubebimus
1278 3197 1476 3280 Rectoribus
1525 3199 1530 3204 ”

343 3306 445 3388 ipsius
462 3305 614 3372 Civitatis
640 3315 760 3390 nostre,
785 3310 872 3392 quod
898 3310 958 3374 sibi
975 3309 1053 3374 dare
1071 3310 1213 3375 debeant
1231 3308 1367 3372 ducatos
1383 3305 1477 3373 VIII

345 3437 406 3492 m.;
432 3415 481 3478 sin
506 3436 581 3479 vero
607 3415 693 3479 idem
711 3415 941 3482 Serenissimus
958 3417 1029 3482 Rex
1055 3437 1119 3481 eas.
1135 3421 1304 3500 acceptum
1324 3415 1477 3497 misisset,

345 3521 512 3587 Serenitas
538 3521 606 3588 Sua
631 3525 674 3588 ad
699 3547 831 3608 presens
857 3526 932 3610 alijs
958 3525 1103 3608 pecunijs
1130 3546 1210 3608 opus
1242 3545 1306 3589 nou
1332 3522 1474 3587 habebit.

346 3628 470 3696 'Verum
486 3615 546 3712 pro
564 3630 786 3698 satisfactione
802 3633 1026 3717 promissionis
1042 3640 1163 3714 nostre,
1181 3654 1253 3696 eum
1270 3637 1395 3696 certum
1407 3651 1477 3695 esse

344 3737 498 3818 volumus,
525 3740 612 3821 quod
628 3740 667 3803 de
685 3761 793 3806 mense
809 3740 1005 3807 Novembris
1021 3742 1168 3824 proxime
1185 3739 1337 3822 Segnem,
1360 3735 1477 3804 autad

347 3846 446 3910 alium
472 3845 587 3928 locum,
615 3849 671 3929 qui
696 3869 757 3931 pro
774 3855 920 3933 tempore
936 3850 1041 3931 magis
1058 3849 1191 3914 idoneus
1207 3847 1380 3927 videbitur,
1405 3848 1478 3911 mit·

346 3959 451 4017 temus
468 3954 605 4020 ducatos
621 3953 713 4022 XVI
730 3979 769 4020 m.

452 4115 499 4179 Et
515 4136 553 4178 ex
570 4139 655 4180 6666
672 4123 803 4200 captum
819 4119 870 4199 sit,
897 4119 983 4201 quod
999 4117 1169 4183 mandetur
1186 4115 1383 4184 Rectoribus
1399 4135 1473 4183 nos·

344 4222 406 4286 tris
424 4221 448 4287 J
450 4221 538 4304 edre,
564 4225 652 4316 quod
670 4227 697 4290 si
713 4224 787 4291 Rex
803 4225 1035 4292 Serenissimus
1052 4227 1121 4309 ipse
1138 4225 1180 4290 ad
1196 4225 1311 4290 harum
1329 4232 1475 4310 accepta·

346 4331 467 4394 tionem
493 4335 648 4414 pecunias
675 4337 915 4419 suprascriptas
931 4335 1074 4402 nondum
1091 4335 1240 4416 misisset,
1267 4335 1307 4399 dc
1323 4336 1389 4400 illis
1406 4357 1476 4420 pre·

344 4435 414 4500 tato
431 4437 636 4506 Cancellario
663 4442 742 4506 dare
768 4443 886 4508 debeat
911 4445 1046 4508 ducatos
1073 4448 1092 4506 8
1109 4466 1150 4507 m.
1167 4443 1244 4507 etsi
1261 4443 1479 4526 suprascripti

345 4544 493 4610 (1666118
511 4571 551 4610 1n.
570 4571 628 4631 per
649 4552 794 4633 regimen
811 4560 957 4618 nostrum
975 4552 1078 4618 Jedre
1096 4553 1267 4634 dabuntur,
1285 4533 1474 4636 recuperen-
1511 4616 1515 4623 ,
