3256 5304
360 291 424 353 216
689 307 692 314 ’
717 302 950 346 oresonnczru
968 289 1135 346 nunnnuu.

466 463 551 528 Item
569 467 783 545 promettemo
800 485 820 526 a
835 461 868 525 la
880 459 1034 542 Signoria
1050 459 1200 542 predicta
1217 479 1251 522 se
1265 443 1334 525 lnai
1349 459 1438 524 fosse
1455 456 1494 522 de

361 573 499 656 bisogno
516 594 536 635 a
552 571 662 654 quella
678 571 718 635 dc
735 571 767 634 la
784 590 925 652 persona
942 575 1062 649 nostra,
1080 589 1098 632 o
1115 569 1156 632 de
1173 568 1196 630 li
1214 569 1318 632 nostri
1334 567 1497 632 servidcri

363 705 383 746 a
406 681 431 744 li
457 679 588 743 servixii
615 677 655 743 de
679 678 712 742 la
729 676 885 760 Signoria
909 677 943 740 in
964 676 994 740 le
1011 683 1121 741 nostre
1137 681 1242 758 parte,
1268 697 1344 740 over
1360 676 1393 738 in
1411 676 1497 740 altre

362 793 466 872 parte,
490 785 565 867 qual
582 807 615 849 se
632 784 749 866 voglia,
775 785 833 849 che
850 784 903 848 nui
922 804 1049 866 sempre
1066 803 1193 846 saremo
1211 782 1385 865 aparechia
1404 781 1440 845 di
1457 783 1499 846 ad

363 895 440 978 ogni
457 893 647 958 commando
664 893 703 956 de
719 892 753 956 la
764 891 918 974 Signoria
934 891 1084 974 predicta
1101 891 1239 955 secondo
1256 891 1290 954 la
1302 897 1416 956 nostra
1427 913 1500 974 pos·

363 1002 499 1082 sibilita,
526 1000 641 1066 stando
667 1001 840 1066 achordati
857 1000 1163 1065 condecentcmente
1180 1022 1197 1064 e
1214 1001 1377 1082 possando
1393 1021 1501 1064 rema-

369 1111 421 1174 nir
437 1112 469 1175 in
487 1131 569 1193 paxe
585 1110 615 1174 el
633 1109 724 1191 paise
741 1114 864 1171 nostro.

471 1220 558 1283 Item
582 1222 796 1300 promettemc
822 1238 856 1280 se
882 1217 999 1280 alcuna
1025 1214 1113 1279 volta
1129 1215 1181 1280 fra
1198 1217 1255 1280 nui
1273 1215 1390 1280 alcuna
1406 1213 1502 1279 diffe-

365 1327 471 1390 rentia
486 1345 667 1389 resorzesse
683 1347 702 1389 c
719 1324 803 1388 fosse
822 1324 916 1388 stada
932 1322 976 1386 fin
992 1345 1013 1387 a
1028 1346 1090 1403 mo,
1107 1323 1217 1387 zioche
1233 1346 1298 1388 nou
1316 1322 1501 1405 sepodesse

367 1433 530 1499 achonzar
548 1455 608 1498 con
623 1433 648 1496 li
665 1433 769 1497 nostri
785 1431 918 1497 officiali
936 1454 953 1496 e
969 1431 1050 1510 suci,
1071 1431 1129 1494 che
1146 1452 1180 1496 se
1197 1432 1333 1513 clegano
1350 1431 1428 1495 boni
1446 1430 1502 1492 ho-

367 1541 451 1605 meni
470 1540 513 1605 da
529 1563 595 1605 una
611 1546 705 1623 parte
722 1563 738 1604 e
756 1541 798 1605 da
814 1539 933 1620 l’altra,
950 1561 967 1604 e
984 1538 1092 1622 quello
1103 1538 1241 1604 faranno
1253 1562 1271 1604 e
1282 1538 1502 1623 andegaranc,

368 1651 417 1714 sia
432 1649 536 1713 fermo
552 1669 569 1712 e
586 1653 660 1712 rato
677 1670 735 1730 per
751 1671 817 1712 una
835 1671 851 1712 o
868 1645 978 1712 l'altra
992 1653 1095 1730 parte.

475 1809 633 1872 (Vetenczei
647 1811 827 1876 allamkdnyv
844 1814 901 1860 159.
917 1811 946 1871 1,)

854 2007 1010 2017 m·—

905 2249 976 2308 137.

376 2411 470 2471 1463.
499 2404 524 2468 Α
545 2408 697 2470 veleocaei
714 2408 1046 2485 dllamtonc'cslrvele
1065 2431 1085 2468 a
1102 2408 1248 2490 pcipa'boz
1265 2431 1286 2468 a
1306 2407 1397 2470 tortile
1410 2428 1502 2491 puisa-

572 2515 733 2578 tr'to'sairo'l
752 2515 783 2576 dc
799 2536 838 2576 aa
855 2514 952 2577 ellone
968 2514 1133 2599 szitlrsc'pes
1148 2513 1313 2598 sepe'lyrdl.

371 2707 661 2774 MOOOOLXHI.
679 2707 730 2771 die
747 2707 845 2773 XIV.
862 2707 964 2772 Junii.

782 2815 915 2880 Summo
933 2816 1094 2880 Pontifici.

372 2922 606 2988 serenissimus
638 2922 798 2987 Dominus
909 2940 1141 3023 Sepenumerc,
1169 2942 1365 3007 Beatissime
1390 2943 1503 3024 Pater,

371 3030 455 3108 Dux,
470 3027 641 3112 Sapientes
653 3030 806 3111 Consilii,
855 3048 1097 3132 impedentibus
1117 3050 1304 3115 Christiane
1331 3052 1378 3114 rei
1406 3052 1505 3116 anim-

371 3230 388 3236 *
437 3135 611 3220 Sapientes
628 3137 739 3203 Terre·
857 3156 1004 3222 adversis
1032 3158 1186 3240 periculis
1213 3158 1253 3222 ob
1282 3155 1505 3240 superbissimi

376 3263 478 3327 hostis
495 3263 594 3327 Turci
611 3265 825 3345 cupiditatem
846 3271 879 3330 et
895 3267 1111 3346 insolentiam,
1137 3273 1173 3330 ut
1189 3267 1245 3350 qui
1261 3265 1392 3330 finitimi
1409 3268 1503 3332 rebus

378 3391 530 3458 essemus
546 3377 644 3453 atque
661 3372 824 3456 plerisque
841 3375 1036 3439 coniecturis
1053 3379 1086 3438 et
1103 3376 1213 3458 signis,
1230 3375 1269 3439 de
1281 3374 1425 3458 pessima
1437 3376 1504 3459 ejus

376 3478 551 3567 voluntate,
577 3479 680 3562 deque
707 3481 919 3564 apparatibus
939 3481 1073 3561 bellicis,
1099 3487 1132 3546 et
1146 3487 1215 3546 tum
1232 3483 1422 3548 marittimis
1440 3491 1505 3550 tum

376 3586 587 3650 terrestribus
614 3587 740 3671 aliquid
761 3589 960 3671 exploratius
978 3589 1170 3653 haberemus
1186 3590 1273 3673 apud
1289 3588 1506 3658 Sanctitatem

375 3692 538 3774 Vestram,
571 3715 756 3777 supremum
783 3697 1044 3762 Christianorum
1069 3697 1257 3790 Principem
1289 3704 1322 3762 et
1346 3700 1505 3765 catholice

374 3800 450 3866 fidei
474 3800 684 3884 defensorem,
709 3804 832 3868 nuntiis
848 3809 881 3868 et
897 3803 1017 3868 litteris
1034 3811 1140 3884 antea,
1167 3810 1333 3888 postremo
1350 3827 1410 3889 per
1427 3805 1506 3872 Ora·

374 3916 480 3974 torem
508 3909 634 3994 egimus
660 3917 816 3991 nostrum,
843 3912 884 3976 de
909 3913 1167 3996 provisioneque,
1193 3935 1256 3996 que
1271 3919 1341 3978 tam
1356 3915 1507 3979 accerimi

373 4017 477 4082 hostis
504 4017 701 4100 cogitatibus
727 4023 908 4102 opportune
936 4027 1164 4102 opponeretur.
1204 4019 1301 4086 Nunc
1317 4044 1404 4106 vern,
1422 4022 1506 4107 quod

375 4123 431 4187 diu
455 4125 489 4186 in
514 4125 694 4206 suspitione
710 4123 902 4209 habebatur,
928 4147 1048 4210 magna
1061 4125 1131 4209 jam
1148 4146 1188 4190 ex
1204 4133 1300 4210 parte
1316 4131 1505 4212 prorupisse

375 4230 417 4312 in
435 4226 543 4296 actum
570 4233 794 4317 conspicimus.
819 4233 905 4299 Ecce
923 4234 1119 4303 Veneranda
1137 4233 1254 4301 Crucis
1270 4237 1507 4304 infensissimus

375 4337 534 4422 inimicus,
561 4340 710 4404 omnibus
726 4341 869 4424 undique
885 4344 1008 4407 coactis
1026 4343 1128 4426 copiis
1146 4344 1280 4426 perinde
1297 4352 1398 4427 atque
1414 4369 1507 4412 nemo

375 4446 459 4509 inter
469 4443 674 4512 Christianos
690 4448 832 4532 reliquus
850 4452 901 4531 sit,
918 4453 971 4533 qui
990 4453 1057 4535 ejus
1074 4451 1248 4535 cupiditati
1261 4459 1360 4538 atque
1373 4455 1506 4539 impetui
