3314 5300
316 457 319 466 ¹
386 373 450 441 338
738 389 971 442 nrrnouxozlnr
989 377 1155 440 nuriimnx.

913 727 987 788 209.

394 887 487 950 1465.
503 884 534 950 Α
551 885 703 951 veleaczei
719 885 936 950 ullamtanucs
950 888 1084 951 votasza
1101 912 1122 951 a
1139 911 1280 974 mappae
1296 883 1408 971 loiro'ip
1425 883 1522 948 keve·
1646 897 1648 962 ζ

665 993 767 1058 teiuek
784 1018 805 1057 a
823 994 913 1057 rei-ok
930 994 1236 1079 be'keujdelotairdl.

370 1181 652 1256 ¹,uroooonxu
669 1189 721 1254 ne
738 1186 876 1256 xxvi.
892 1188 994 1275 Junij.

390 1295 613 1383 200ssiilial'ij
765 1336 768 1467 p
872 1315 968 1400 Quod
994 1313 1190 1382 Oratoribus
1215 1315 1423 1385 Serenissimi
1449 1313 1524 1378 Do·
1646 1377 1648 1384 Α

389 1410 408 1470 5
425 1405 595 1488 Sapientes
615 1405 750 1490 COUSffit
817 1425 896 1488 mini
913 1424 1014 1509 Regis
1031 1425 1203 1508 Hungarie
1222 1425 1285 1490 diei
1301 1423 1407 1488 debet.
1647 1405 1648 1410 ἵ

388 1521 546 1611 ζζ
611 1519 633 1578 ἵ·
653 1514 670 1578 f·
766 1485 770 1618 i
874 1531 970 1616 Quod
1003 1535 1085 1598 siout
1117 1533 1208 1597 alias¹
1230 1539 1263 1597 et
1298 1554 1356 1615 per
1388 1532 1525 1596 litteras
1647 1599 1648 1606 χ

389 1645 530 1721 nostras,
555 1644 588 1703 et
614 1660 673 1721 per
700 1637 874 1704 Oratorem
899 1647 1047 1705 nostrum
1065 1641 1169 1724 Regio
1185 1640 1355 1725 Majestati
1372 1640 1526 1702 notifica.

389 1749 491 1814 vimus
518 1753 550 1812 et
572 1747 671 1810 etiam
688 1747 795 1829 pridie
812 1747 875 1812 diei
891 1747 1025 1813 fecimus
1042 1748 1298 1814 R.‘Paternitati
1315 1753 1348 1811 et
1364 1745 1525 1829 Magnifi·
1646 1831 1648 1838 Α

389 1857 496 1921 oenoie
508 1855 572 1921 Sue
583 1874 642 1938 per
651 1854 795 1920 diversas
805 1857 874 1922 vias
885 1862 917 1922 et
927 1857 1040 1922 modos
1057 1857 1195 1923 aTuroo
1213 1857 1253 1921 de
1270 1877 1350 1938 pace
1366 1854 1525 1937 requisiti

390 1964 563 2042 fueramus,
580 1963 632 2027 oui
647 1964 779 2029 tandem
796 1966 1076 2049 responderamus,
1093 1965 1179 2049 quod
1190 1962 1423 2048 quandonobis
1434 1961 1525 2027 tales
1646 1951 1648 1992 3

392 2073 587 2138 offerrentur
610 2074 701 2156 pacis
728 2074 936 2157 conditiones
963 2095 1026 2157 que
1052 2096 1115 2139 non
1143 2075 1246 2139 solum
1264 2094 1374 2137 omnes
1391 2070 1469 2136 belli
1490 2077 1526 2134 et

392 2179 627 2245 discordiarum
655 2202 768 2247 causas
793 2181 970 2263 auferrent,
996 2181 1053 2247 sed
1069 2184 1227 2247 rationem
1244 2181 1344 2246 etiam
1360 2179 1526 2244 haberent

391 2288 560 2372 dignitatis
585 2290 669 2372 Lige
694 2294 804 2356 nostre
830 2312 901 2354 oum
927 2288 1142 2355 Serenissimo
1168 2289 1261 2372 Rege
1277 2287 1462 2370 Hungarie,
1490 2292 1527 2350 et

391 2397 508 2461 oeteris
524 2396 718 2481 christianis,
743 2403 820 2462 tuno
835 2420 900 2463 una
916 2419 987 2462 oum
1005 2400 1076 2481 ipsa
1092 2397 1199 2480 Regia
1215 2397 1394 2481 Majestate
1411 2395 1523 2460 Turno
1646 2399 1648 2466 Ϊ

391 2505 454 2586 ipsi
470 2503 709 2586 respondemus.
736 2507 934 2590 Nuperrime
950 2526 1025 2572 vero
1042 2527 1101 2589 per
1116 2507 1203 2571 'riam
1219 2501 1525 2585 Constantinopolis

393 2611 504 2677 oblate
529 2619 578 2678 est
602 2613 696 2677 nobis
721 2613 807 2679 bona
832 2620 864 2678 et
880 2613 1082 2680 honorabilis
1099 2636 1164 2698 pax
1181 2618 1214 2678 et
1229 2635 1289 2696 pro
1308 2611 1525 2678 Serenissimo

394 2719 536 2784 Domino
550 2719 652 2803 Rege,
670 2728 703 2786 et
718 2744 778 2804 pro
794 2723 887 2788 nobis
904 2729 938 2786 et
953 2745 1012 2806 pro
1029 2723 1164 2806 reliquis
1183 2721 1370 2786 christianis
1387 2717 1525 2800 colliga·
1645 2703 1647 2798 J

343 2859 353 2878 ι
393 2828 437 2890 tis
453 2829 584 2909 nostris,
602 2829 688 2912 quod
705 2837 742 2894 ut
757 2853 816 2896 nos
832 2831 990 2896 habemus
1001 2830 1257 2914 Magnificenoiis
1267 2829 1399 2898 Vestris
1417 2827 1525 2892 decla·
1559 2905 1563 2912 ,

393 2941 510 3018 ratum,
528 2939 830 3021 comunioatumque
846 2961 905 3022 pro
921 2939 1030 3006 debito
1046 2946 1158 3006 nostro
1174 2940 1343 3005 voluimus.

500 3043 552 3109 De
568 3051 663 3128 parte
686 3050 737 3112 39.

503 3149 599 3233 Quod
615 3159 718 3218 stetur
734 3155 906 3238 superbis,
924 3175 985 3238 que
1001 3155 1159 3238 proximis
1175 3153 1225 3218 his
1241 3153 1356 3219 diebus
1366 3173 1425 3234 per
1436 3149 1526 3217 istud
1643 3151 1645 3234 ξ

396 3256 576 3324 Consilium
601 3262 782 3328 deliberata
807 3263 946 3346 fuerunt,
973 3271 1006 3329 et
1031 3263 1083 3329 die
1109 3263 1289 3329 Domenioa
1315 3264 1461 3346 proxime
1477 3285 1527 3326 re·
1643 3283 1644 3322 3

396 3365 465 3429 lata
483 3366 678 3435 Oratoribus
694 3369 797 3454 Regie
813 3372 997 3456 Majestatis
1023 3371 1204 3456 Hungarie,
1230 3373 1316 3436 circa
1342 3369 1526 3435 oblationes
1642 3373 1644 3396 ³

399 3473 493 3538 istius
509 3478 607 3558 pacis,

507 3581 550 3666 †
598 3590 660 3650 113
707 3624 750 3634 -
799 3593 815 3651 1
864 3625 907 3635 -
956 3593 983 3654 1.

509 3748 665 3808 (Velenozei
680 3751 859 3814 allamkbnyv
874 3757 915 3802 98.
927 3752 957 3812 l.)

879 4037 1038 4044 ---—.-.
