3268 5308
638 337 730 397 1461.
1210 345 1251 406 99

226 508 281 575 Ad
297 511 1002 596 partembalistrariorumetsclopteriorum,
1025 517 1079 599 qui
1088 522 1252 602 petuntur,

115 640 209 700 casu,
236 640 300 701 quo
333 624 438 683 status
462 619 581 702 prefati
607 617 810 684 Serenissimi
836 621 938 703 Regis
965 623 1204 706 opprimeretur
1229 647 1249 688 a

119 726 239 807 Turco,
255 726 505 809 respondemus:
529 725 627 810 Quod
642 728 719 791 licet
735 749 794 809 pro
810 729 915 792 multa
931 731 1050 794 virtute
1067 737 1099 794 et
1114 753 1249 814 magna·
1320 807 1321 814 ἵ

117 833 270 897 nimitate
286 833 472 916 Majestatis
490 831 555 898 Sue
571 855 609 898 ac
625 856 684 916 pro
706 836 769 898 situ
786 836 934 917 passibus
951 841 984 898 et
1008 838 1247 904 conditionibus

117 941 265 1005 locorum
275 947 307 1004 et
317 941 558 1005 territoriorum
575 962 705 1005 suorum
717 963 883 1024 speremus
894 963 932 1006 ac
942 949 1109 1008 teneamus
1121 950 1249 1011 attenta

118 1051 220 1112 etiam
248 1049 474 1132 conjunctione
500 1054 533 1113 et
556 1049 642 1114 bona
666 1051 786 1114 unione
812 1048 899 1116 facta
925 1047 1275 1118 1111111111111111111

115 1155 262 1233 Domino
287 1155 540 1237 DuceStefano,
569 1157 658 1237 quod
682 1158 715 1221 in
740 1178 865 1222 omnem
892 1178 1001 1222 casum
1032 1165 1184 1240 potenter
1215 1167 1248 1224 et

113 1265 216 1327 unitis
232 1263 354 1328 viribus
370 1264 536 1347 prevalere
551 1285 584 1328 se
607 1271 785 1346 potuerunt
810 1270 923 1330 contra
941 1265 1092 1350 Turcum,
1110 1273 1246 1332 statum·

114 1393 178 1453 que
206 1393 300 1436 suum
326 1393 526 1436 conservare.
558 1371 756 1437 Advisamus
773 1379 883 1438 tamen
899 1375 1004 1455 ipsum
1021 1373 1240 1457 Spectabilem

116 1475 300 1561 Oratorem,
318 1481 405 1561 quod
422 1480 518 1544 sicuti
535 1481 632 1544 etiam
651 1481 780 1546 aliunde
798 1483 879 1545 scire
896 1483 1014 1564 potuit,
1030 1483 1192 1566 principes
1210 1491 1242 1569 et

115 1589 263 1668 potentia
280 1587 456 1653 christiane
479 1589 548 1672 jam
565 1589 757 1670 excitantur,
775 1595 807 1652 et
823 1589 1039 1671 disponuntur
1065 1590 1108 1653 ad
1133 1611 1243 1672 proce·

112 1693 256 1758 dendum
282 1698 407 1778 potenti
432 1698 521 1762 mani
553 1701 667 1760 contra
692 1696 844 1776 Turcum,
880 1701 913 1760 et
938 1718 996 1761 nos
1023 1718 1152 1780 quoque
1183 1721 1242 1780 pro

111 1808 208 1885 parte
225 1810 339 1868 nostra
354 1803 509 1869 honorem
524 1804 587 1868 Dei
599 1810 631 1868 et
641 1825 775 1869 comune
792 1803 913 1869 bonum
928 1804 1179 1871 christianitatis
1195 1806 1242 1872 fa-

4 1975 10 1994 ,
111 1931 185 1974 cere
203 1911 402 1976 intendimus
418 1934 493 1994 non,
509 1913 672 1996 parcendo
689 1912 841 1994 periculis
857 1934 917 1976 nec
932 1914 1089 1995 expensis
1106 1920 1139 1978 et
1152 1913 1239 1978 ultra

110 2018 200 2101 quod
216 2021 251 2084 in
282 2019 539 2084 satisfactionem
554 2019 675 2103 prefati
691 2019 897 2086 Serenissimi
913 2019 1017 2102 Regis
1033 2042 1142 2084 sumus
1158 2021 1240 2086 bene

110 2129 266 2210 conteuti,
291 2129 380 2211 quod
395 2151 455 2211 pro
473 2127 658 2193 defensione
676 2135 780 2194 status
797 2130 847 2193 sui
867 2135 981 2193 contra
998 2128 1239 2193 ’.1111111111οοὶ-

110 2253 188 2313 pere
207 2236 241 2295 et
256 2233 374 2298 habore
391 2235 496 2317 possit
512 2235 551 2298 de
567 2235 665 2299 terris
682 2239 714 2298 et
729 2235 808 2299 locis
825 2235 946 2300 nostris
964 2235 1003 2299 de
1018 2235 1237 2320 ballistrarijs,

110 2341 314 2425 sclopeterijs
330 2347 363 2404 et
379 2343 602 2407 muntionibus
617 2364 676 2425 pro
693 2342 840 2424 pecunijs
866 2344 941 2423 suis,
967 2343 1102 2406 dicimus
1129 2343 1236 2421 etiam,

48 2481 52 2486 ·
110 2449 198 2530 quod
215 2450 244 2512 si
260 2448 442 2513 videbimus
459 2451 493 2513 in
514 2450 815 2532 opportunitatibus
841 2451 1030 2534 Majestatis
1058 2449 1123 2515 Sue
1147 2473 1236 2533 pres-

109 2563 180 2620 tare
195 2554 256 2642 sibi
274 2556 402 2621 sarores
430 2563 569 2640 nostros,
593 2557 627 2622 id
652 2579 777 2640 semper
801 2557 942 2623 libenter
967 2555 1132 2640 faciemus,
1159 2581 1237 2643 quo-

36 2711 39 2716 .
110 2663 207 2735 modo
233 2669 267 2727 et
283 2663 438 2729 honorem
463 2686 557 2730 suum
581 2672 614 2730 et
639 2665 800 2731 commodi
825 2665 875 2730 sui
901 2669 1016 2745 status,
1041 2672 1078 2730 ut
1103 2651 1256 2750 propria⁴

109 2777 221 2836 nostra
237 2771 467 2838 desideramus.

215 2880 258 2944 In
275 2878 363 2946 facto
379 2881 452 2964 loci,
468 2903 565 2966 quem
580 2881 665 2964 petit
675 2881 738 2946 sibi
748 2881 879 2946 concedi
888 2883 920 2946 in
931 2883 1029 2947 terris
1040 2881 1160 2945 nostris
1177 2903 1236 2964 pro

12 3024 17 3032 ·
109 2987 247 3053 reductu
262 3009 321 3053 suo
334 2994 366 3053 et
377 3009 518 3070 suorum,
539 2989 566 3053 si
582 2989 724 3070 —quod
741 2987 881 3052 absit-
892 3010 951 3071 per
968 2988 1111 3054 Turcum
1123 2989 1235 3071 pulsus

109 3103 194 3162 esset
205 3103 238 3161 et
256 3103 315 3162 111.
333 3093 598 3181 Respondemus:
621 3097 709 3178 quod
720 3097 910 3161 confidimus
921 3101 1028 3180 prout,
1045 3097 1186 3161 diximus
1203 3096 1236 3160 in

108 3204 217 3268 divina
254 3205 429 3270 clementia
454 3211 487 3269 et
512 3205 548 3280 in
571 3206 693 3272 virtute
720 3212 753 3270 et
779 3209 928 3292 potentia
954 3227 1012 3270 sua
1039 3212 1072 3271 11
1097 3207 1235 3272 aliorum

108 3313 341 3394 predictorum,
359 3313 446 3396 quod
463 3335 502 3378 ea
519 3315 671 3380 susistere
687 3337 855 3397 nunquam
866 3321 1022 3394 occurret,
1039 3315 1136 3380 immo
1147 3322 1235 3380 tene-

109 3442 185 3501 mus,
203 3422 292 3504 quod
309 3441 342 3485 se
359 3422 550 3505 prevalebit‚
566 3427 603 3486 ut
618 3429 690 3487 tota
710 3429 819 3487 11111111
840 3423 994 3506 cupimus,
1013 3429 1046 3487 et
1066 3425 1154 3506 quod
1170 3430 1235 3490 sta·

14 3578 18 3590 .
108 3533 174 3591 tum
206 3535 241 3594 et
266 3528 407 3612 gloriam
433 3552 525 3596 suam
558 3529 709 3596 debono
745 3531 779 3593 in
805 3531 919 3595 melius
947 3532 1135 3614 ampliabit;
1177 3533 1234 3598 sed

108 3636 326 3719 nihilominus,
351 3644 390 3704 ut
415 3637 580 3706 Serenitas
598 3637 666 3704 Sua
680 3638 847 3723 intelligat
862 3637 1068 3706 affectionem
1091 3647 1124 3705 et
1151 3645 1234 3724 opti-

108 3766 192 3809 mam
208 3751 349 3810 mentem
365 3752 521 3829 nostram,
540 3747 699 3812 dicimus:
726 3747 813 3830 quod
830 3747 857 3811 si
874 3747 959 3813 forte
977 3765 1072 3813 casus
1089 3749 1149 3812 iste
1165 3770 1234 3812 eve-

68 3923 73 3928 ,
111 3853 203 3933 niret,
220 3854 366 3917 contenti
384 3855 513 3935 erimus,
530 3855 619 3938 quod
635 3875 776 3936 persona
797 3853 865 3919 Sua
883 3852 1078 3919 Serenitatis
1095 3877 1165 3918 cum
1186 3854 1234 3920 fa·

109 3959 205 4040 milia,
233 3959 330 4024 rebus
357 3965 391 4024 et
407 3961 502 4028 bonis
519 3962 633 4027 suiset
650 3984 782 4028 suorum
800 3962 843 4026 ad
859 3967 964 4025 terras
981 3967 1014 4024 et
1032 3961 1105 4026 1111
1121 3968 1234 4027 nostra

111 4086 142 4129 se
157 4069 313 4132 reducere
328 4069 440 4152 possit.
451 4069 539 4136 Nam
557 4091 682 4152 semper
692 4070 906 4154 Majestatem
920 4090 1011 4134 suam
1027 4075 1060 4134 et
1075 4089 1149 4132 suos
1165 4068 1233 4132 1111

111 4175 222 4257 animo¹
240 4177 429 4259 videbimus,
463 4178 706 4261 honorificeque
723 4171 951 4244 'tractabimus
978 4183 1011 4242 et
1036 4178 1069 4242 in
1096 4177 1222 4242 cunctis

113 4301 171 4362 que
187 4307 207 4348 a
223 4286 316 4350 nobis
333 4285 404 4350 fieri
414 4293 582 4368 poterunt,
594 4288 813 4355 sibifraterne
824 4287 1025 4371 complacere
1037 4285 1231 4352 curabimus,
1304 4358 1309 4372 „

214 4391 267 4456 De
283 4393 378 4458 Bano
395 4393 500 4458 Paulo
528 4391 671 4479 Oroatia,
688 4400 803 4461 contra
829 4417 925 4476 quem
942 4395 1049 4478 Regia
1073 4392 1231 4474 Majestas

112 4519 258 4583 guerram
274 4503 382 4586 movit,
396 4503 543 4585 dicimus,
561 4505 646 4588 quod
663 4505 697 4568 in
715 4503 784 4586 ejus
802 4503 1073 4587 contemplatione
1091 4501 1132 4566 ab
1145 4521 1232 4566 amo-

119 4611 121 4615 .
1096 4608 1128 4670 7,
