3268 5308
630 694 679 754 71.

12 935 14 942 y
95 849 185 912 1461.
210 845 409 914 Aoelenczei
434 851 649 915 dllurrztaudcs
674 875 848 936 amaqyar
874 855 934 918 1111.
960 854 1121 918 adnuendi
1146 856 1214 917 lc'vd

12 983 14 1030 q
110 958 114 964 ‘
151 957 581 1042 11)·’11111111111111111111161
599 959 693 1023 elicui
708 961 831 1044 hyphen
848 985 868 1024 a
880 962 1031 1046 peipu'val
1046 963 1140 1026 hezli.

12 1225 13 1252 ἶ
194 1150 449 1218 MOOOOLXI.
466 1152 651 1234 diequarte
668 1153 693 1218 J
695 1153 832 1236 anuarij.
857 1151 955 1237 Quod
973 1155 1081 1220 littere
1098 1155 1214 1221 infras-

12 1279 19 1320 ι
97 1260 186 1342 cripti
202 1261 325 1326 tenoris
343 1263 517 1326 mittantur
533 1261 575 1325 ad
593 1263 760 1326 Summum
777 1261 979 1326 Pontificem.

97 1365 262 1454 Β1111111118
276 1366 410 1452 (10113111
429 1375 462 1432 el
606 1383 801 1468 Accepimus
817 1387 868 1450 his
880 1387 990 1452 diebus
1001 1387 1129 1454 litteras
1141 1387 1215 1454 Sec-

97 1500 246 1576 -L
284 1484 306 1540 i·
323 1477 344 1539 f·
517 1494 629 1576 111111]Ι
666 1495 779 1574 nostri,
825 1516 921 1576 quem
956 1481 1103 1559 tenemus
1128 1497 1215 1579 apud
1318 1577 1321 1582 Ι

12 1663 14 1690 ζ
97 1603 225 1685 Regiam
237 1603 446 1686 Majestatem
460 1603 641 1686 Hungarie,
658 1608 691 1667 et
708 1602 785 1685 quia
802 1603 867 1666 vise
883 1608 959 1666 sunt
969 1602 1063 1668 nobis
1075 1624 1139 1667 non
1149 1605 1215 1668 vul·

12 1729 14 1764 1
97 1711 341 1793 garisponderis
357 1716 390 1775 et
404 1711 561 1775 momenti
579 1708 761 1792 Spectabili
772 1707 908 1774 Oratori
919 1708 1084 1776 Sanctatis
1095 1709 1214 1782 Vestre

98 1819 307 1883 ostendendas
324 1825 422 1902 atque
437 1818 615 1883 tradendas
631 1818 826 1898 censuimus,
850 1824 994 1882 ceterum
1010 1819 1215 1886 considerato

98 1925 273 1990 discrimine
303 1948 411 1990 rerum
434 1948 494 2009 pro
519 1925 743 2009 magnitudine
769 1926 986 1992 incumbentis
1011 1927 1156 2008 periculi,
1188 1929 1215 1990 si

12 2043 13 2090 ς
98 2031 172 2097 11111
182 2035 317 2117 subsidij
331 2033 557 2117 desperatione
569 2035 642 2100 Rex
653 2039 686 2098 et
695 2035 844 2098 Barones
856 2033 944 2098 illius
954 2033 1060 2115 Regni
1072 2033 1214 2115 adducti,

12 2207 14 2230 ξ
98 2140 234 2206 inducias
260 2150 319 2206 aut
344 2143 478 2227 aliquod
504 2143 594 2208 aliud
620 2142 791 2207 concordie
821 2163 924 2226 genus
940 2163 1011 2206 cum
1028 2142 1215 2206 comunibus

12 2255 14 2328 ξ
100 2248 263 2314 christiane
279 2250 354 2316 fidei
371 2256 403 2315 et
419 2251 588 2334 religionis
598 2250 746 2318 hostibus
758 2251 886 2330 inirent,
902 2272 967 2313 non
978 2250 1118 2314 alienum
1135 2250 1215 2312 exis·

12 2337 16 2440 l
101 2355 277 2422 timavimus
293 2359 477 2441 exemplum
493 2359 638 2442 ipsarum
664 2359 858 2441 litterarum,
884 2357 982 2422 etiam
1002 2358 1045 2421 ad
1062 2349 1216 2423 Vestram

12 2481 14 2554 3
100 2461 336 2530 Beatitudinem
361 2468 497 2549 mittere,
528 2467 689 2549 intelliget
715 2464 880 2530 Sanctitas
906 2463 1029 2530 Vestra
1060 2486 1120 2546 pro
1155 2486 1214 2529 sua

101 2573 230 2639 mirabili
256 2576 426 2658 sapientia,
453 2597 517 2658 quo
542 2577 576 2640 in
593 2576 726 2642 cardine
742 2597 794 2638 res
811 2574 898 2638 illius
914 2574 1023 2657 Regni
1039 2579 1216 2652 versentur,

12 2665 14 2724 l
56 2765 61 2776 Ι
101 2700 153 2743 nes
176 2682 371 2766 dubitamus,
397 2685 476 2767 quin
501 2706 560 2767 pro
588 2705 647 2748 sua
673 2683 830 2766 singulari
855 2683 889 2745 in
914 2703 980 2746 rem
1006 2680 1217 2746 christianam

21 2839 23 2846 1
101 2787 273 2873 dilectione,
298 2791 492 2874 paternique
517 2790 613 2874 officij
632 2811 711 2855 cura
728 2790 942 2872 cogitationes
959 2795 991 2852 et
1007 2789 1142 2852 consilia
1158 2810 1217 2852 sua

12 2881 14 2952 l
100 2895 154 2961 bac
176 2921 370 2965 conversura
386 2901 436 2978 sit,
462 2905 500 2964 ut
515 2901 799 2983 impresentiarum
815 2900 901 2962 omni
918 2898 1083 2962 celeritate
1099 2896 1217 2960 1111111-

12 3053 14 3098 ,
102 3005 200 3086 gentia
209 3008 252 3073 ad
263 3008 398 3089 aliquod
409 3008 607 3092 particulare
618 3007 796 3072 subsidium
808 3007 965 3086 veniatur,
979 3027 1042 3088 quo
1053 3004 1217 3068 mediante

12 3161 16 3202 ὲ
101 3109 164 3176 Rex
188 3115 243 3179 ille
271 3121 304 3179 et
318 3115 471 3199 Regnum
496 3116 579 3179 illud
597 3116 695 3199 paulo
713 3113 924 3180 erectioribus
941 3113 1056 3178 animis
1073 3112 1114 3176 ab
1132 3112 1217 3176 omni

12 3291 14 3310 k
102 3219 244 3299 pestilera
261 3228 295 3287 et
311 3224 490 3305 pernitiosa
506 3224 678 3288 concordia
696 3243 767 3287 cum
785 3223 878 3286 hoste
897 3221 1037 3288 naturali
1057 3225 1089 3284 et
1105 3219 1218 3302 impla·

12 3311 14 3348 l
103 3325 190 3392 cabili
209 3330 353 3395 ineunda
368 3330 634 3410 absterreantur„
649 3337 748 3415 atque
765 3331 834 3412 spei
850 3329 939 3413 pleni
956 3335 988 3392 et
1005 3328 1126 3393 auxilio
1143 3327 1219 3392 freti

103 3422 246 3502 adversus
263 3437 397 3504 hostiles
412 3436 550 3522 impetus
567 3445 600 3502 et
614 3436 721 3503 vafros
738 3443 873 3502 conatus
890 3457 923 3501 se
939 3441 1102 3516 tueantur,
1119 3435 1220 3500 donec

103 3538 262 3611 Salvatorc
288 3553 321 3612 et
345 3545 488 3612 Domino
513 3552 623 3614 nostro
650 3546 735 3612 Jesu
751 3543 886 3612 Christo
911 3545 1093 3627 opitulante
1119 3565 1220 3626 opera

12 3675 13 3710 1
106 3653 230 3720 consilio
247 3661 281 3719 et
297 3656 492 3720 auctoritate
508 3655 728 3722 Beatitudinis
738 3653 857 3722 Vestre
873 3652 1077 3735 comparatis
1092 3651 1220 3734 Regum

12 3791 14 3814 1
104 3763 133 3820 11
145 3757 333 3846 Principum
347 3763 491 3830 fidelium
508 3763 649 3848 auxilijs,
664 3762 708 3829 ad
724 3762 964 3847 expeditionem
980 3760 1220 3825 sanctissimam

104 3870 292 3945 generaliter
307 3872 476 3953 veniatur3
507 3877 657 3955 preterea
681 3871 804 3958 videbit
821 3868 985 3936 Sanctitas
1001 3865 1131 3947 Vestra,
1157 3885 1221 3946 que

105 3973 263 4044 solicitudo'
288 3987 321 4046 et
346 4002 425 4046 cura
449 3985 580 4046 incussa
606 3981 648 4045 sit
674 3981 791 4046 animis
816 3985 886 4044 tum
902 3977 1005 4061 Regis
1029 3982 1097 4041 tum
1113 3973 1221 4056 Regni

105 4081 260 4152 Baronum
286 4088 327 4154 ob
352 4086 564 4172 suspitionem
588 4088 773 4154 futurarum
798 4086 981 4152 novitatum
1006 4086 1039 4146 11
1053 4080 1221 4164 perturba-

12 4261 14 4282 ὶ
106 4191 218 4259 tionum
243 4218 282 4261 ex
301 4199 470 4281 proposito
487 4196 691 4263 Serenissimi
708 4195 931 4278 Imperatoris,
957 4213 1019 4274 que
1044 4211 1097 4254 res
1124 4209 1221 4272 quam

12 4335 14 4370 1
107 4302 276 4377 perniciosa
293 4305 344 4385 sit,
359 4325 419 4388 pro
429 4325 467 4370 eo
483 4305 571 4388 quod
580 4303 696 4370 dubios
713 4303 836 4367 animos
852 4299 949 4366 facile
966 4295 1132 4382 impellere
1149 4317 1222 4378 pos-

108 4413 151 4470 set
175 4411 215 4474 ad
240 4412 434 4495 capiendum
457 4413 614 4495 inducias,
642 4433 698 4477 seu
714 4410 847 4494 aliquod
863 4408 952 4474 aliud
972 4427 1074 4490 genus
1091 4424 1222 4468 concor·

109 4511 154 4580 die
185 4539 254 4583 cum
278 4520 410 4604 perfidis
441 4521 599 4606 hostibus,
623 4519 792 4587 Sanctitas
808 4516 930 4587 Vestra
956 4515 1076 4598 optime
1102 4511 1221 4576 intelli·
1279 4568 1280 4572 ,
