3292 5310
392 338 434 399 50
743 345 980 396 orenonmczmr
997 330 1167 394 suntuna.

392 513 443 578 sui
460 511 573 579 Soceri
590 511 753 596 qnondam
769 509 890 575 Lazari
914 509 1063 592 Despoti,
1089 507 1244 572 concordi
1268 505 1436 572 voluntate
1460 526 1522 571 om·

393 623 482 686 nium
501 620 739 686 Rasoianornm
757 624 816 684 ect.
841 615 952 701 Quare
971 621 1112 681 vestram
1134 615 1297 698 prefatam
1308 613 1523 681 Serenitatern

397 749 552 810 rogamus
577 726 673 793 corde
690 727 815 808 intimo,
842 729 1003 808 quatenus
1020 718 1131 789 rictam
1147 723 1311 805 imponere
1327 744 1393 788 non
1408 723 1522 802 velitis,

397 836 529 916 idcirco,
546 835 634 919 quod
650 835 743 900 vobis
760 834 850 916 prius
866 853 930 896 non
948 833 1182 914 scripserimus,
1207 852 1279 896 oum
1304 852 1357 896 res
1375 832 1466 914 prius
1482 831 1524 895 ad

397 941 547 1009 effectum
565 964 629 1008 non
646 949 697 1008 est
713 942 856 1024 cognita.
873 937 1029 1020 Scientes‚
1045 938 1133 1021 qnod
1150 939 1178 1004 si
1194 937 1356 1004 inhaere
1376 944 1524 1022 optatam

398 1051 578 1118 amicitiam
593 1048 758 1115 vobiscum
783 1069 849 1112 non
870 1048 1134 1126 contraxerimus,
1156 1045 1183 1110 si
1207 1051 1313 1110 vestre
1340 1051 1390 1110 est
1414 1045 1524 1110 volun·

394 1165 484 1242 tatis,
515 1158 645 1222 omnino
678 1155 768 1220 aliud
800 1155 1044 1220 matrimonium
1078 1159 1110 1218 et
1134 1150 1328 1218 affinitatem
1359 1152 1524 1217 vobiscum

394 1263 585 1330 contrahere
600 1263 765 1328 vellemus.
779 1261 867 1326 Nam
883 1259 1100 1326 intelleximus
1116 1266 1258 1326 vestram
1278 1260 1417 1326 eandem
1434 1258 1524 1325 Sere-

393 1373 530 1437 nitatem
546 1369 629 1435 filios
646 1376 679 1434 et
693 1369 780 1434 filias
795 1367 916 1434 habere
932 1370 1016 1434 sicut
1033 1374 1065 1434 et
1081 1391 1140 1433 nos
1156 1367 1259 1434 filium
1283 1375 1316 1433 et
1339 1367 1442 1433 filiam
1469 1367 1525 1433 ha-

395 1481 517 1560 bemus,
542 1501 642 1563 quum
668 1479 786 1544 eximia
810 1476 898 1542 fama
924 1479 1064 1542 nominis
1089 1476 1299 1561 Vestri‚.que
1323 1499 1383 1560 per
1402 1474 1523 1541 Orbem

397 1587 623 1653 Christianum
654 1583 804 1651 diffusius
838 1585 941 1669 pollet
966 1593 998 1650 et
1023 1607 1131 1650 rerum
1156 1583 1325 1669 magnifice
1353 1590 1522 1668 gestarum

399 1693 505 1777 gloria
521 1714 580 1758 nos
596 1693 817 1758 indesinenter
833 1693 875 1757 ad
894 1691 1153 1776 consequendam
1177 1697 1321 1757 vestram
1346 1691 1525 1758 amicitiam

396 1801 550 1867 inducere
567 1821 632 1864 non
649 1799 819 1864 desistunt.
837 1798 937 1883 Cujus
948 1801 995 1863 rei
1006 1820 1105 1864 causa
1114 1799 1267 1870 Vestram
1280 1797 1416 1864 eandem
1427 1797 1524 1864 Sere·

400 1908 536 1972 nitatem
553 1914 660 1972 ratam
677 1926 746 1973 esse
763 1906 918 1990 cupimus,
934 1912 972 1971 ut
988 1912 1045 1971 aut
1061 1928 1119 1990 per
1135 1903 1293 1972 Oratores
1303 1905 1451 1987 Vestras,
1468 1913 1525 1972 aut

396 2036 454 2099 per
470 2014 584 2080 literas
599 2036 659 2078 nos
681 2014 836 2078 certiores
853 2014 1000 2079 faciatis:
1027 2015 1055 2078 si
1072 2015 1170 2080 aliam
1195 2014 1391 2083 affinitatem
1416 2015 1525 2081 nobis-

398 2144 471 2188 cum
482 2123 676 2187 contrahere
686 2119 862 2186 intenditis.
872 2121 1056 2205 Propterea
1065 2143 1123 2205 per
1135 2124 1272 2188 eundem
1281 2129 1429 2188 nostrum
1440 2119 1525 2188 Ora·

393 2235 502 2294 torem
517 2229 732 2296 intelleximus
747 2230 1017 2295 ferventissimum
1033 2236 1066 2294 et
1090 2230 1356 2296 ardentissimum
1380 2236 1526 2296 vestrum

398 2337 541 2403 animum
557 2358 637 2420 erga
652 2336 871 2402 defensionem
887 2333 1147 2403 Christianorum
1164 2343 1196 2403 et
1221 2339 1440 2422 opressionem
1466 2359 1525 2421 pa·

393 2463 550 2527 gononum
566 2465 661 2528 nunc,
677 2446 754 2529 quia
768 2446 924 2528 ungimur,
949 2447 1141 2511 necessitate
1165 2447 1272 2512 coacti
1296 2453 1441 2512 vestrum
1466 2447 1526 2510 im·

394 2550 526 2632 plorare
542 2551 729 2634 subsidium,
746 2573 802 2618 vos
820 2553 919 2618 etiam
938 2559 1037 2636 atque
1053 2553 1152 2618 etiam
1176 2573 1338 2638 rogamus,
1362 2560 1525 2638 quatenus

393 2656 486 2722 nobis
503 2663 615 2723 contra
634 2679 782 2742 paganos
799 2659 984 2724 sevissimus
1001 2659 1127 2724 Turcos
1143 2660 1301 2725 auxilium
1314 2659 1423 2726 lacere
1449 2662 1520 2744 dig-

394 2764 516 2830 nemini
532 2769 564 2828 et
580 2765 696 2845 velitis
720 2770 758 2830 nt
776 2765 832 2829 alii
847 2787 867 2830 a
883 2766 974 2832 vobis
991 2763 1172 2831 Christiani
1188 2767 1370 2854 exemplum
1386 2769 1523 2852 capiant

393 2877 426 2937 et
442 2894 557 2938 nomen
573 2880 717 2939 restrum
732 2872 980 2939 immortalitate
999 2865 1115 2958 perflui
1131 2876 1235 2958 possit
1259 2882 1426 2960 perpetua.
1453 2875 1524 2942 Da-

392 2985 461 3044 tum
477 2981 511 3044 in
528 2981 647 3048 Castro
665 2981 791 3048 Nostro
800 2981 920 3066 Regali
934 2981 1091 3049 Bobonaz
1108 2982 1160 3050 die
1176 2985 1282 3068 prima
1301 2985 1421 3050 mensis
1436 2983 1524 3049 Maii

394 3083 493 3151 Anno
509 3087 642 3154 Domini
658 3085 911 3156 MOOOOLIX.

500 3209 713 3278 Serenissimo
733 3220 766 3279 et
781 3215 1063 3282 Excellentissimo
1084 3215 1232 3300 Principi
1251 3214 1394 3283 Domino
1415 3217 1521 3284 Fran-

394 3318 479 3385 cisco
505 3317 628 3384 Slorlie
653 3317 718 3385 Dei
743 3322 851 3403 gratia
871 3319 1073 3405 vicecomiti,
1097 3323 1182 3388 Duci
1209 3324 1393 3390 Mediolani
1415 3325 1522 3410 Papio

393 3424 617 3511 Anglerieque
629 3426 749 3494 Oomiti
758 3449 796 3494 ac
805 3427 972 3512 (immone,
982 3429 1243 3497 DominoFratri
1253 3437 1286 3496 et
1295 3433 1398 3497 amico
1409 3440 1525 3498 nostro

392 3534 681 3601 honorandissimo.

499 3698 629 3759 (Milandi
644 3698 728 3750 allam
742 3701 818 3762 ltar.)
