3256 5304
770 369 1007 426 ur'euon'ncmnr
1023 357 1191 424 nmtdxn'x.

953 705 1024 766 164.

421 871 516 934 1464.
533 866 947 958 Aveteaczeilcbztdrsasdq
957 846 1224 951 mapparorszu'qi
1234 865 1367 930 boveteit
1378 889 1398 929 a
1409 885 1538 950 moqyar
1608 839 1610 868 ³

419 977 602 1062 leisdtynolc
619 1001 640 1039 a
657 975 747 1038 tiirb'fe
764 973 860 1037 ellani
877 974 986 1037 hodro
1003 973 1088 1058 iqe'rt
1104 973 1301 1058 iiszveqekrb'l
1318 974 1351 1036 e's
1369 971 1539 1059 epyebekrb't
1609 977 1610 994 f

919 1083 1047 1146 e'rtesiti.

419 1278 733 1366 MOOOOLXIHI.
752 1279 805 1343 die
821 1276 907 1342 XII.
924 1277 1053 1363 Marcij.

529 1388 590 1455 Ser
614 1387 736 1452 Jcanni
763 1385 879 1470 Aym0,
905 1387 1000 1451 militi
1027 1392 1060 1451 et
1087 1383 1147 1451 Ser
1170 1387 1346 1452 Francisco
1362 1385 1558 1451 Justiniauo*

425 1496 622 1567 Oratoribus
639 1495 760 1560 nostris
777 1495 820 1560 ad
836 1493 1084 1561 Serenissimum
1097 1482 1226 1579 'Regem
1242 1495 1423 1579 Hungarie.

424 1607 596 1689 Sapientes
613 1600 751 1686 O⁰fl⁸ffif
896 1619 1015 1686 Delate
1032 1626 1109 1685 sunt
1124 1621 1216 1686 nobis
1227 1621 1323 1686 litere
1333 1626 1440 1686 vestre
1450 1619 1538 1684 Joan-

504 1738 518 1772 s
612 1716 634 1774 i·
651 1709 672 1774 f·
689 1717 722 1775 eb
852 1729 902 1792 nis
919 1727 1044 1792 dierum
1061 1726 1199 1795 XVIII.
1216 1733 1249 1793 et
1265 1726 1369 1793 XXI.
1379 1725 1538 1808 Februarij

425 1844 599 1921 ‘t‘-
613 1815 789 1917 Ordinqm
853 1857 958 1919 nuper
974 1834 1111 1916 decursi,
1138 1857 1177 1899 ex
1203 1837 1321 1919 quibus
1348 1835 1539 1918 significastis

425 1945 526 2026 nobis,
550 1944 628 2025 quid
644 1950 825 2026 tuncusque
842 1941 1045 2008 scribendum
1063 1943 1154 2010 vobis
1170 1945 1319 2024 occurrit,
1346 1945 1431 2008 inter
1446 1948 1540 2008 cetera

425 2073 499 2118 vero
510 2073 568 2135 per
576 2052 690 2116 literas
701 2050 804 2115 XXI.
814 2050 1033 2116 intelleximus
1043 2053 1204 2135 accepisse
1214 2073 1270 2116 vos
1285 2053 1399 2116 literas
1420 2057 1540 2129 nostras,

426 2159 543 2243 quibus
557 2159 711 2243 jussimus
728 2159 820 2223 vobis
836 2180 908 2222 oum
924 2159 1160 2224 deliberatione
1175 2159 1280 2224 nostri
1295 2157 1430 2242 Consilij
1446 2159 1540 2240 Roga-

425 2275 544 2350 torum,
569 2269 654 2350 quod
680 2269 794 2333 essetis
819 2289 892 2332 curn
908 2268 1014 2349 Regia
1031 2267 1207 2350 Majestate
1223 2267 1406 2352 Hungarie,
1430 2267 1540 2349 sibique

426 2375 543 2441 offerre
560 2377 723 2442 deberetis
733 2375 800 2440 LX
811 2376 899 2440 mille
916 2375 1296 2456 ducatos,ut1neliuset
1311 2377 1472 2458 potentius
1481 2395 1542 2457 pos-

427 2491 476 2549 set
492 2483 668 2566 procedere
685 2487 799 2548 contra
816 2483 951 2564 Turcos,
967 2504 1026 2566 per
1042 2483 1115 2547 illos
1132 2483 1256 2564 modos,
1273 2489 1306 2548 et
1324 2483 1408 2548 sicut
1423 2484 1455 2546 in
1470 2481 1541 2564 ipsis
1609 2499 1610 2506 ¹

427 2593 546 2656 nostris
561 2593 667 2656 literis
685 2591 839 2656 seriosius
855 2596 1002 2670 cavetur3
1025 2591 1059 2655 id
1075 2591 1182 2673 ipsum
1198 2592 1272 2676 alijs
1288 2592 1408 2656 nostris
1423 2590 1542 2670 rescrip
1609 2607 1610 2610 ’

428 2701 527 2764 simus
543 2700 643 2779 vobis
660 2705 693 2763 et
710 2701 809 2763 etiarn
826 2721 885 2782 per
901 2701 1144 2764 instructionem
1155 2698 1266 2764 datam
1277 2699 1369 2764 vobis
1381 2699 1542 2763 Francisco

427 2807 525 2889 plane
541 2808 714 2890 potueritis
729 2807 921 2888 intelligere.
953 2808 1000 2872 Et
1015 2828 1214 2890 quamquam
1229 2827 1287 2889 per
1303 2806 1409 2872 dictas
1425 2807 1541 2870 litteras

428 2915 492 2980 diei
509 2913 612 2980 XXI.
628 2915 794 2981 videamus
820 2937 874 2980 vos
891 2915 1065 2996 Joannern,
1091 2936 1188 2998 super
1213 2936 1248 2978 re
1272 2915 1337 2978 ista
1361 2913 1458 2980 fuisse
1483 2933 1543 2976 cun

430 3024 642 3089 Serenissimo
652 3023 744 3108 Rege
755 3046 814 3107 pro
831 3023 1030 3104 exequendis
1046 3024 1211 3088 mandatis
1227 3024 1354 3108 nostris,
1370 3046 1434 3089 non
1447 3030 1543 3088 tamen

429 3153 488 3213 pro
514 3140 636 3214 quanto
663 3133 815 3211 scribitis,
841 3131 1038 3195 sufficienter
1063 3131 1246 3214 intelligere
1271 3152 1447 3214 possumus,
1471 3124 1544 3212 quod

430 3239 602 3322 Majestati
619 3239 683 3305 Sue
710 3238 857 3322 specifice
884 3244 916 3301 et
942 3237 1029 3302 clare
1045 3238 1187 3303 feceritis
1204 3237 1401 3304 oblationem
1417 3241 1544 3324 ipsorum

429 3347 496 3412 LX
512 3350 601 3413 mille
618 3349 816 3429 ducatorum,
834 3347 917 3412 sicut
933 3346 996 3410 fuit
1012 3353 1044 3411 et
1055 3353 1105 3411 est
1115 3353 1227 3412 nostra
1236 3349 1385 3428 intentio,
1401 3341 1545 3430 quomodo

429 3457 514 3521 inter
539 3463 650 3522 cetera
676 3459 710 3521 in
735 3457 856 3521 eisdem
881 3456 985 3520 literis
1012 3457 1108 3537 agitis
1136 3457 1350 3536 mentionem;
1375 3455 1460 3540 quod
1475 3451 1546 3517 side

432 3565 506 3647 alijs
532 3565 757 3648 potentatibus
784 3564 973 3628 christianis
999 3563 1207 3628 contribuent
1223 3563 1310 3646 Regi
1331 3562 1459 3628 favores
1475 3579 1547 3637 suoS,

432 3671 593 3737 confiditis
610 3674 823 3755 avautagiare
845 3694 914 3752 nos,
940 3671 980 3735 de
997 3693 1121 3735 summa
1137 3673 1360 3754 pecuniarum,
1386 3693 1478 3754 quarn
1491 3668 1547 3750 jus-

433 3782 530 3844 simus
557 3803 694 3863 perros
720 3779 830 3860 offeri3
855 3787 886 3844 et
913 3779 1074 3860 quomodo
1092 3780 1296 3844 conditiones
1312 3801 1422 3842 rerum
1437 3781 1549 3842 ettem·
1609 3837 1610 3840 ,

431 3911 547 3971 porum
564 3889 800 3954 occurrentium
816 3889 950 3968 instant,
976 3889 1213 3970 solicitantque,
1236 3893 1273 3951 ut
1288 3909 1361 3951 cum
1378 3885 1462 3952 omni
1477 3881 1546 3948 eele-

432 3999 531 4060 ritate
548 4003 581 4061 et
598 3997 705 4062 studio
723 4001 872 4080 agantur,
889 4016 1079 4078 quecunque
1096 3993 1225 4078 agenda
1242 4002 1336 4076 sunt,
1352 4017 1426 4060 nam
1437 3991 1548 4055 Turnus

434 4109 467 4172 in
484 4103 692 4188 expediendis
709 4111 742 4169 et
759 4104 954 4188 exequendis
971 4105 1068 4168 rebus
1086 4105 1151 4168 suis
1167 4103 1274 4166 lentus
1291 4108 1349 4167 aut
1367 4101 1478 4166 tardus
1488 4114 1547 4161 esse

432 4237 497 4280 non
523 4214 613 4298 solet,
639 4209 827 4278 scribendas
844 4213 902 4278 has
918 4218 1046 4278 nostras
1063 4212 1223 4292 duximus
1248 4211 1443 4274 mandantes
1458 4203 1548 4278 nobie,

437 4323 527 4406 quod
553 4323 580 4385 si
605 4321 688 4385 forte
704 4342 768 4384 non
784 4321 942 4386 fecissetis
960 4320 1158 4385 oblationem
1175 4317 1376 4402 prefatorum
1393 4315 1459 4382 LX
1473 4311 1549 4378 mille

434 4431 635 4511 ducatorum,
661 4427 807 4511 specifice
831 4434 864 4492 et
880 4430 1014 4510 integre,
1040 4429 1123 4492 sicut
1139 4427 1181 4492 ad
1198 4449 1252 4491 vos
1269 4425 1461 4508 scripsimus,
1486 4437 1547 4483 eam

435 4535 541 4602 facere
565 4537 722 4616 debeatis,
747 4557 805 4619 per
829 4538 983 4600 terminos
1010 4540 1042 4598 et
1068 4536 1151 4599 sicut
1166 4534 1296 4598 habet-is
1313 4535 1347 4596 in
1363 4527 1547 4596 mandatis?-
