3268 5308
364 357 426 424 162
550 441 559 459 ·
714 361 948 424 senonicam
967 349 1133 422 nutrimur.

362 535 506 618 Oratori,
524 537 649 620 sibique
671 534 815 600 declaret
840 537 924 602 hanc
951 536 1133 618 opinionem
1159 536 1314 596 nostram.
1348 519 1396 595 Tu
1412 550 1484 597 vero

363 645 403 710 de
419 643 620 710 successibus
637 664 746 708 rerum
772 643 903 710 illarum
922 643 1065 709 studiose
1092 642 1156 706 eris
1181 637 1344 703 continuis
1370 638 1486 703 litteris

360 755 424 817 tuis
453 775 512 818 nos
529 752 681 817 certiores
697 749 833 816 efficere.
849 751 1066 836 Pangratium
1081 767 1245 814 cursorem
1271 767 1346 810 cum
1369 747 1486 810 nostris

359 858 481 924 litteris
498 861 540 926 ad
556 866 588 923 te
605 859 750 924 misimus
766 859 914 942 pluribus
926 860 996 942 jam
1012 858 1137 934 diebus,
1162 876 1257 937 quem
1283 852 1327 918 ad
1355 874 1413 918 nos
1438 876 1486 917 re-

357 967 480 1047 mittas,
507 971 540 1032 et
557 967 656 1031 etiam
673 967 712 1031 de
728 967 802 1050 alijs
819 967 1004 1032 cursoribus
1020 966 1150 1030 illarum
1174 962 1338 1046 partium3
1363 982 1484 1044 uosque

362 1074 389 1136 si
417 1073 500 1141 alios
517 1095 665 1138 cursores
682 1075 844 1156 practicos
869 1073 922 1138 hic
947 1072 1069 1138 habere
1093 1070 1282 1154 poterimus
1308 1089 1362 1134 eos
1390 1069 1433 1134 ad
1456 1076 1489 1133 te

357 1182 532 1246 mittemus

466 1305 509 1388 ΔΓ
558 1309 618 1370 rm
668 1345 710 1353 -
758 1311 800 1371 ao
845 1341 889 1354 -
936 1309 966 1370 4.

468 1429 625 1496 Posthac
642 1431 825 1496 advisamus
842 1435 883 1509 te,
900 1429 988 1512 quod
1004 1430 1044 1494 de
1061 1449 1185 1493 summa
1196 1427 1232 1492 X
1243 1427 1382 1492 millium
1392 1427 1488 1493 duca·

358 1545 474 1619 torum,
490 1560 571 1621 quos
583 1576 625 1584 -
636 1545 673 1602 ut
689 1538 888 1620 prediximus
900 1573 943 1584 -
954 1535 1171 1602 Serenissimo
1182 1535 1267 1618 Regi
1281 1535 1411 1600 mittere
1423 1541 1487 1599 sta·
1607 1602 1613 1612 ,

359 1645 488 1724 tuimns,
505 1644 544 1710 de
560 1646 703 1728 presenti
721 1645 745 1710 J
747 1645 862 1711 adram
878 1644 1015 1710 florenos
1031 1643 1109 1711 IIII
1126 1643 1215 1710 mille
1230 1643 1399 1726 hungaros
1415 1643 1490 1706 mit·

358 1754 466 1832 timus,
483 1758 516 1817 et
526 1752 567 1818 ob
577 1752 612 1816 id
629 1751 752 1816 videbis
769 1752 818 1816 his
835 1752 1026 1837 implicitum
1042 1751 1284 1834 contrasignum
1301 1749 1486 1815 medietatis

359 1860 453 1924 unius
466 1860 621 1940 grossoni,
631 1858 717 1940 quod
729 1856 969 1942 MajestatiSue
980 1859 1219 1942 quamprimum
1229 1857 1440 1940 presentabis
1455 1863 1492 1920 ut
1613 1903 1617 1911 .

358 1967 472 2031 nuntio
484 1987 634 2048 —quem
644 1965 784 2031 mittetJ
786 1965 901 2031 adram
910 2005 952 2012 -
964 1965 1045 2030 illud
1055 1966 1230 2048 consignet,
1239 1962 1492 2048 presentandum

359 2070 557 2138 Rectoribus
573 2071 639 2136 illis
664 2075 794 2153 nostris,
810 2073 929 2156 quibus
954 2075 1100 2138 misimus
1126 2073 1224 2138 aliam
1249 2079 1376 2155 partem
1402 2091 1492 2155 gros-

360 2181 430 2244 soni
455 2179 595 2262 predicti
621 2201 693 2244 cum
718 2180 850 2244 ordine:
876 2180 963 2262 quod
990 2180 1094 2245 eidem
1119 2179 1244 2244 Nuntio
1270 2178 1378 2261 Regio
1403 2181 1492 2261 ipsos

361 2285 439 2350 IIII
454 2287 544 2352 mille
560 2287 699 2356 florenos
716 2286 902 2353 immediate
920 2287 1062 2354 debeant
1078 2309 1256 2352 numerare.
1345 2375 1349 2384 ἢ

469 2485 625 2546 (Velenczei
639 2487 726 2536 allam
738 2487 794 2535 ltar
809 2488 850 2535 98.
864 2486 882 2536 l.
896 2487 963 2535 Doc.
977 2486 1024 2546 ΙΙ.)

844 2681 1003 2691 —----

892 2936 965 3002 101.

363 3111 459 3174 1462.
484 3113 515 3174 A
532 3109 681 3177 velenczci
698 3114 808 3180 londos
824 3111 1016 3200 Soqundirro
1032 3114 1152 3182 Mitior
1167 3114 1272 3180 romei
1287 3113 1391 3182 kduete
1407 3113 1492 3192 oleat

414 3243 435 3280 a
454 3218 562 3302 Paper
580 3243 598 3280 a
617 3221 856 3304 mopyur-to'ro'lc
872 3219 996 3306 tipyben
1012 3244 1108 3307 pyorr
1123 3224 1262 3307 seqdlyre
1282 3225 1433 3289 b'sztdnai.

360 3369 631 3480 uocoonxrr.
650 3415 700 3480 ue
719 3415 881 3486 xvrrrr.
897 3417 990 3503 Junj.

468 3536 710 3622 circumspecto
726 3540 760 3606 N
761 3542 866 3606 ieolao
884 3541 1081 3627 Sagundino,
1109 3541 1293 3609 Secretario
1318 3550 1430 3610 nostro
1447 3543 1491 3608 ad

361 3643 393 3709 S.
410 3644 615 3710 Pontificem.

359 3752 725 3842 saplesslfflffiffiffilel
821 3775 990 3844 -Nicolael
1007 3777 1132 3842 Ultimo
1149 3783 1204 3844 tue
1229 3778 1338 3842 littere
1363 3777 1406 3842 ad
1432 3799 1490 3843 nos

359 3868 582 3976 QLJ·
600 3862 620 3927 f·
789 3882 916 3949 reddite
933 3891 1008 3949 sunt
1025 3884 1151 3950 dierum
1176 3882 1279 3950 ΧΠἹ.
1305 3893 1338 3950 et
1362 3885 1489 3952 XIIII.

361 3990 530 4070 presentis,
562 4010 601 4052 ex
626 3991 743 4072 quibua
768 3991 995 4073 intelleximus,
1022 3992 1100 4076 quid
1126 3993 1221 4058 Rom.
1239 3991 1402 4058 Pontifex
1426 3992 1489 4058 tibi

359 4095 479 4159 dixerit
510 4097 597 4162 circa
628 4119 818 4181 responsum
856 4097 1007 4164 Oratoris
1042 4100 1146 4182 Regis
1173 4100 1363 4184 Majestatis
1396 4100 1490 4165 Hun-

360 4205 460 4286 garie,
477 4202 565 4286 quod
581 4225 770 4287 responsum
788 4204 903 4270 deinde
927 4211 959 4270 te
976 4213 1126 4290 presente
1143 4206 1211 4273 Sua
1228 4206 1397 4273 Sanctitas
1425 4208 1488 4273 sibi
1540 4231 1544 4236 ·

359 4309 443 4390 lecit,
459 4309 615 4392 videlicet,
632 4312 768 4378 volendo
786 4312 907 4378 solvere
925 4315 1051 4397 equites
1067 4315 1156 4379 mille
1181 4336 1240 4398 per
1266 4320 1333 4380 tres
1361 4335 1489 4380 menses

361 4415 461 4480 eidem
480 4409 692 4484 Serenissimo
708 4420 802 4503 Regi,
819 4421 969 4504 quodque
988 4421 1074 4486 bona
1090 4443 1167 4504 pars
1193 4423 1405 4505 pecuniarum
1428 4443 1488 4504 pro

361 4521 423 4586 ista
455 4543 594 4608 expensa
620 4532 691 4591 erut
717 4525 804 4612 aqud
828 4528 1142 4595 Reverendissimum
1167 4528 1378 4595 Cardinalem
1406 4528 1489 4596 Stri-
