<?xml version="1.0" encoding="UTF-8"?>
<!DOCTYPE html PUBLIC "-//W3C//DTD XHTML 1.0 Transitional//EN"
    "http://www.w3.org/TR/xhtml1/DTD/xhtml1-transitional.dtd">
<html xmlns="http://www.w3.org/1999/xhtml" xml:lang="en" lang="en">
 <head>
  <title>
</title>
<meta http-equiv="Content-Type" content="text/html;charset=utf-8" />
  <meta name='ocr-system' content='tesseract 3.04.00' />
  <meta name='ocr-capabilities' content='ocr_page ocr_carea ocr_par ocr_line ocrx_word'/>
</head>
<body>
  <div class='ocr_page' id='page_1' title='image "./magyardiplomacz01mattgoog_0208.png"; bbox 0 0 3268 5308; ppageno 0'>
   <div class='ocr_carea' id='block_1_1' title="bbox 1222 8 1631 264">
    <p class='ocr_par' dir='ltr' id='par_1_1' title="bbox 1222 8 1631 264">
     <span class='ocr_line' id='line_1_1' title="bbox 1325 8 1431 23; baseline 0.009 -11"><span class='ocrx_word' id='word_1_1' title='bbox 1325 8 1348 23; x_wconf 46' lang='lat' dir='ltr'>svs</span> <span class='ocrx_word' id='word_1_2' title='bbox 1366 10 1368 12; x_wconf 97' lang='lat'>.</span> <span class='ocrx_word' id='word_1_3' title='bbox 1427 10 1431 13; x_wconf 40' lang='lat' dir='ltr'>r</span> 
     </span>
     <span class='ocr_line' id='line_1_2' title="bbox 1313 9 1631 180; baseline 0 -126"><span class='ocrx_word' id='word_1_4' title='bbox 1313 41 1318 54; x_wconf 90' lang='grc'><strong><em>1</em></strong></span> <span class='ocrx_word' id='word_1_5' title='bbox 1366 57 1369 74; x_wconf 63' lang='grc' dir='ltr'>Ι</span> <span class='ocrx_word' id='word_1_6' title='bbox 1453 9 1631 180; x_wconf 61' lang='lat' dir='ltr'>&#39;q</span> 
     </span>
     <span class='ocr_line' id='line_1_3' title="bbox 1222 221 1228 228; baseline 0 0"><span class='ocrx_word' id='word_1_7' title='bbox 1222 221 1228 228; x_wconf 66' lang='grc' dir='ltr'>ι</span> 
     </span>
     <span class='ocr_line' id='line_1_4' title="bbox 1488 257 1491 264; baseline 0 0"><span class='ocrx_word' id='word_1_8' title='bbox 1488 257 1491 264; x_wconf 82' lang='grc' dir='ltr'><em>ι</em></span> 
     </span>
    </p>
   </div>
   <div class='ocr_carea' id='block_1_2' title="bbox 384 403 1158 467">
    <p class='ocr_par' dir='ltr' id='par_1_2' title="bbox 384 403 1158 467">
     <span class='ocr_line' id='line_1_5' title="bbox 384 403 1158 467; baseline -0.003 -1"><span class='ocrx_word' id='word_1_9' title='bbox 384 403 445 467; x_wconf 82' lang='lat' dir='ltr'>ue</span> <span class='ocrx_word' id='word_1_10' title='bbox 742 415 973 465; x_wconf 75' lang='lat' dir='ltr'>urruouaoamr</span> <span class='ocrx_word' id='word_1_11' title='bbox 993 409 1158 464; x_wconf 48' lang='lat' dir='ltr'>turiani-tu.</span> 
     </span>
    </p>
   </div>
   <div class='ocr_carea' id='block_1_3' title="bbox 385 570 1631 2068">
    <p class='ocr_par' dir='ltr' id='par_1_3' title="bbox 385 570 1631 1524">
     <span class='ocr_line' id='line_1_6' title="bbox 386 570 1631 662; baseline -0.003 -18"><span class='ocrx_word' id='word_1_12' title='bbox 386 585 570 645; x_wconf 87' lang='lat' dir='ltr'>secuturam</span> <span class='ocrx_word' id='word_1_13' title='bbox 586 577 786 658; x_wconf 90' lang='lat' dir='ltr'>confidimus,</span> <span class='ocrx_word' id='word_1_14' title='bbox 810 599 875 662; x_wconf 91' lang='lat' dir='ltr'>quo</span> <span class='ocrx_word' id='word_1_15' title='bbox 892 577 1072 644; x_wconf 87' lang='lat' dir='ltr'>Beatitudc</span> <span class='ocrx_word' id='word_1_16' title='bbox 1090 575 1157 643; x_wconf 85' lang='lat' dir='ltr'>Sua</span> <span class='ocrx_word' id='word_1_17' title='bbox 1183 577 1332 660; x_wconf 83' lang='lat' dir='ltr'>exemplo</span> <span class='ocrx_word' id='word_1_18' title='bbox 1357 597 1413 642; x_wconf 89' lang='lat' dir='ltr'>sue</span> <span class='ocrx_word' id='word_1_19' title='bbox 1437 570 1519 641; x_wconf 89' lang='lat' dir='ltr'>libe·</span> <span class='ocrx_word' id='word_1_20' title='bbox 1630 579 1631 586; x_wconf 74' lang='grc'>’</span> 
     </span>
     <span class='ocr_line' id='line_1_7' title="bbox 389 677 1631 769; baseline -0.002 -19"><span class='ocrx_word' id='word_1_21' title='bbox 389 685 535 752; x_wconf 85' lang='lat' dir='ltr'>ralitatis</span> <span class='ocrx_word' id='word_1_22' title='bbox 550 685 693 752; x_wconf 87' lang='lat' dir='ltr'>movebit</span> <span class='ocrx_word' id='word_1_23' title='bbox 708 685 789 751; x_wconf 90' lang='lat' dir='ltr'>alios</span> <span class='ocrx_word' id='word_1_24' title='bbox 820 692 1018 769; x_wconf 79' lang='lat' dir='ltr'><strong>potentatus,</strong></span> <span class='ocrx_word' id='word_1_25' title='bbox 1043 685 1251 750; x_wconf 79' lang='lat' dir='ltr'>laudaremus</span> <span class='ocrx_word' id='word_1_26' title='bbox 1268 706 1406 767; x_wconf 90' lang='lat' dir='ltr'>quoque,</span> <span class='ocrx_word' id='word_1_27' title='bbox 1431 683 1521 769; x_wconf 92' lang='lat' dir='ltr'>quod</span> <span class='ocrx_word' id='word_1_28' title='bbox 1620 677 1631 745; x_wconf 73' lang='grc'>.’</span> 
     </span>
     <span class='ocr_line' id='line_1_8' title="bbox 387 792 1521 878; baseline 0 -20"><span class='ocrx_word' id='word_1_29' title='bbox 387 793 520 878; x_wconf 77' lang='lat' dir='ltr'>pecunie</span> <span class='ocrx_word' id='word_1_30' title='bbox 537 815 647 858; x_wconf 89' lang='lat' dir='ltr'>omncs</span> <span class='ocrx_word' id='word_1_31' title='bbox 663 795 724 858; x_wconf 88' lang='lat' dir='ltr'>iste</span> <span class='ocrx_word' id='word_1_32' title='bbox 740 816 813 858; x_wconf 87' lang='lat' dir='ltr'>oum</span> <span class='ocrx_word' id='word_1_33' title='bbox 833 795 919 859; x_wconf 89' lang='lat' dir='ltr'>omni</span> <span class='ocrx_word' id='word_1_34' title='bbox 936 794 1105 859; x_wconf 86' lang='lat' dir='ltr'>celeritate</span> <span class='ocrx_word' id='word_1_35' title='bbox 1116 794 1326 857; x_wconf 82' lang='lat' dir='ltr'><strong>mitterentur</strong></span> <span class='ocrx_word' id='word_1_36' title='bbox 1338 792 1381 856; x_wconf 90' lang='lat' dir='ltr'>ad</span> <span class='ocrx_word' id='word_1_37' title='bbox 1392 792 1521 876; x_wconf 84' lang='lat' dir='ltr'><strong>Regem</strong></span> 
     </span>
     <span class='ocr_line' id='line_1_9' title="bbox 385 899 1523 984; baseline 0 -20"><span class='ocrx_word' id='word_1_38' title='bbox 385 899 557 981; x_wconf 86' lang='lat' dir='ltr'>Hungarie</span> <span class='ocrx_word' id='word_1_39' title='bbox 573 901 606 965; x_wconf 90' lang='lat' dir='ltr'>in</span> <span class='ocrx_word' id='word_1_40' title='bbox 623 901 725 966; x_wconf 89' lang='lat' dir='ltr'>tantis</span> <span class='ocrx_word' id='word_1_41' title='bbox 741 902 894 984; x_wconf 88' lang='lat' dir='ltr'>perieulis</span> <span class='ocrx_word' id='word_1_42' title='bbox 912 903 1133 981; x_wconf 83' lang='lat' dir='ltr'>constitutum,</span> <span class='ocrx_word' id='word_1_43' title='bbox 1149 905 1185 965; x_wconf 91' lang='lat' dir='ltr'>ut</span> <span class='ocrx_word' id='word_1_44' title='bbox 1212 905 1347 966; x_wconf 88' lang='lat' dir='ltr'>auctore</span> <span class='ocrx_word' id='word_1_45' title='bbox 1373 899 1455 984; x_wconf 90' lang='lat' dir='ltr'>Deo,</span> <span class='ocrx_word' id='word_1_46' title='bbox 1469 901 1523 964; x_wconf 91' lang='lat' dir='ltr'>in-</span> 
     </span>
     <span class='ocr_line' id='line_1_10' title="bbox 387 1007 1523 1093; baseline 0.002 -21"><span class='ocrx_word' id='word_1_47' title='bbox 387 1009 703 1092; x_wconf 88' lang='lat' dir='ltr'>tervenientibusque</span> <span class='ocrx_word' id='word_1_48' title='bbox 737 1009 976 1092; x_wconf 83' lang='lat' dir='ltr'>provisionibus</span> <span class='ocrx_word' id='word_1_49' title='bbox 1008 1007 1042 1077; x_wconf 84' lang='lat' dir='ltr'>S.</span> <span class='ocrx_word' id='word_1_50' title='bbox 1068 1008 1143 1092; x_wconf 82' lang='lat' dir='ltr'>Sue,</span> <span class='ocrx_word' id='word_1_51' title='bbox 1176 1029 1310 1092; x_wconf 89' lang='lat' dir='ltr'>regnum</span> <span class='ocrx_word' id='word_1_52' title='bbox 1341 1007 1424 1073; x_wconf 92' lang='lat' dir='ltr'>illud</span> <span class='ocrx_word' id='word_1_53' title='bbox 1458 1031 1523 1093; x_wconf 92' lang='lat' dir='ltr'>pro</span> 
     </span>
     <span class='ocr_line' id='line_1_11' title="bbox 390 1116 1524 1200; baseline 0.004 -21"><span class='ocrx_word' id='word_1_54' title='bbox 390 1116 520 1181; x_wconf 90' lang='lat' dir='ltr'>comuni</span> <span class='ocrx_word' id='word_1_55' title='bbox 551 1116 806 1182; x_wconf 87' lang='lat' dir='ltr'>christianorum</span> <span class='ocrx_word' id='word_1_56' title='bbox 838 1119 943 1182; x_wconf 87' lang='lat' dir='ltr'>salute</span> <span class='ocrx_word' id='word_1_57' title='bbox 975 1117 1158 1183; x_wconf 84' lang='lat' dir='ltr'>conservari</span> <span class='ocrx_word' id='word_1_58' title='bbox 1183 1117 1306 1200; x_wconf 88' lang='lat' dir='ltr'>possit;</span> <span class='ocrx_word' id='word_1_59' title='bbox 1342 1137 1402 1198; x_wconf 92' lang='lat' dir='ltr'>pro</span> <span class='ocrx_word' id='word_1_60' title='bbox 1434 1138 1524 1183; x_wconf 88' lang='lat' dir='ltr'>anno</span> 
     </span>
     <span class='ocr_line' id='line_1_12' title="bbox 389 1222 1631 1308; baseline 0 -19"><span class='ocrx_word' id='word_1_61' title='bbox 389 1244 466 1289; x_wconf 89' lang='lat' dir='ltr'>vero</span> <span class='ocrx_word' id='word_1_62' title='bbox 490 1223 602 1290; x_wconf 87' lang='lat' dir='ltr'>futuro</span> <span class='ocrx_word' id='word_1_63' title='bbox 639 1224 815 1290; x_wconf 88' lang='lat' dir='ltr'>secundum</span> <span class='ocrx_word' id='word_1_64' title='bbox 846 1247 954 1290; x_wconf 89' lang='lat' dir='ltr'>rerum</span> <span class='ocrx_word' id='word_1_65' title='bbox 978 1226 1177 1308; x_wconf 86' lang='lat' dir='ltr'>exigentiam</span> <span class='ocrx_word' id='word_1_66' title='bbox 1202 1222 1366 1306; x_wconf 87' lang='lat' dir='ltr'>provideri</span> <span class='ocrx_word' id='word_1_67' title='bbox 1391 1225 1526 1308; x_wconf 88' lang='lat' dir='ltr'>poterit.</span> <span class='ocrx_word' id='word_1_68' title='bbox 1630 1249 1631 1254; x_wconf 48' lang='lat'>¹</span> 
     </span>
     <span class='ocr_line' id='line_1_13' title="bbox 388 1331 1562 1416; baseline -0.001 -18"><span class='ocrx_word' id='word_1_69' title='bbox 388 1332 585 1399; x_wconf 82' lang='lat' dir='ltr'>Mandatum</span> <span class='ocrx_word' id='word_1_70' title='bbox 611 1333 672 1398; x_wconf 89' lang='lat' dir='ltr'>hoc</span> <span class='ocrx_word' id='word_1_71' title='bbox 696 1339 844 1400; x_wconf 88' lang='lat' dir='ltr'>nostrum</span> <span class='ocrx_word' id='word_1_72' title='bbox 870 1334 957 1400; x_wconf 92' lang='lat' dir='ltr'>omni</span> <span class='ocrx_word' id='word_1_73' title='bbox 984 1335 1091 1399; x_wconf 92' lang='lat' dir='ltr'>studio</span> <span class='ocrx_word' id='word_1_74' title='bbox 1117 1331 1296 1416; x_wconf 85' lang='lat' dir='ltr'>adimplere</span> <span class='ocrx_word' id='word_1_75' title='bbox 1321 1331 1461 1414; x_wconf 85' lang='lat' dir='ltr'>curabis,</span> <span class='ocrx_word' id='word_1_76' title='bbox 1488 1338 1526 1397; x_wconf 88' lang='lat' dir='ltr'>et</span> <span class='ocrx_word' id='word_1_77' title='bbox 1548 1370 1562 1386; x_wconf 45' lang='grc' dir='ltr'><em>κ</em></span> 
     </span>
     <span class='ocr_line' id='line_1_14' title="bbox 393 1438 1312 1524; baseline -0.001 -20"><span class='ocrx_word' id='word_1_78' title='bbox 393 1461 462 1523; x_wconf 89' lang='lat' dir='ltr'>nos,</span> <span class='ocrx_word' id='word_1_79' title='bbox 477 1442 517 1507; x_wconf 87' lang='lat' dir='ltr'>de</span> <span class='ocrx_word' id='word_1_80' title='bbox 533 1447 656 1524; x_wconf 89' lang='lat' dir='ltr'>quanto</span> <span class='ocrx_word' id='word_1_81' title='bbox 672 1441 837 1524; x_wconf 78' lang='lat' dir='ltr'>habueris,</span> <span class='ocrx_word' id='word_1_82' title='bbox 854 1443 991 1508; x_wconf 91' lang='lat' dir='ltr'>indilate</span> <span class='ocrx_word' id='word_1_83' title='bbox 1007 1442 1161 1509; x_wconf 84' lang='lat' dir='ltr'>certiores</span> <span class='ocrx_word' id='word_1_84' title='bbox 1181 1438 1312 1506; x_wconf 84' lang='lat' dir='ltr'>efficies.</span> 
     </span>
    </p>

    <p class='ocr_par' dir='ltr' id='par_1_4' title="bbox 498 1548 976 1632">
     <span class='ocr_line' id='line_1_15' title="bbox 498 1548 976 1632; baseline 0.004 -21"><span class='ocrx_word' id='word_1_85' title='bbox 498 1548 541 1632; x_wconf 57' lang='grc'>4-</span> <span class='ocrx_word' id='word_1_86' title='bbox 590 1551 651 1612; x_wconf 79' lang='lat'>117</span> <span class='ocrx_word' id='word_1_87' title='bbox 699 1585 743 1596; x_wconf 86' lang='grc'>-</span> <span class='ocrx_word' id='word_1_88' title='bbox 791 1555 810 1613; x_wconf 93' lang='lat' dir='ltr'>o</span> <span class='ocrx_word' id='word_1_89' title='bbox 856 1587 899 1596; x_wconf 91' lang='grc'><strong>-</strong></span> <span class='ocrx_word' id='word_1_90' title='bbox 948 1556 976 1613; x_wconf 82' lang='lat'>2.</span> 
     </span>
    </p>

    <p class='ocr_par' dir='ltr' id='par_1_5' title="bbox 390 1653 1631 2068">
     <span class='ocr_line' id='line_1_16' title="bbox 497 1653 1631 1736; baseline -0.002 -16"><span class='ocrx_word' id='word_1_91' title='bbox 497 1655 644 1721; x_wconf 86' lang='lat' dir='ltr'>Litteras</span> <span class='ocrx_word' id='word_1_92' title='bbox 673 1655 725 1720; x_wconf 92' lang='lat' dir='ltr'>his</span> <span class='ocrx_word' id='word_1_93' title='bbox 751 1658 891 1723; x_wconf 89' lang='lat' dir='ltr'>insertas</span> <span class='ocrx_word' id='word_1_94' title='bbox 917 1657 1091 1724; x_wconf 85' lang='lat' dir='ltr'>directivas</span> <span class='ocrx_word' id='word_1_95' title='bbox 1117 1654 1270 1721; x_wconf 88' lang='lat' dir='ltr'>Pontifici</span> <span class='ocrx_word' id='word_1_96' title='bbox 1297 1653 1453 1736; x_wconf 83' lang='lat' dir='ltr'>Maximo,</span> <span class='ocrx_word' id='word_1_97' title='bbox 1489 1661 1526 1719; x_wconf 88' lang='lat' dir='ltr'>et</span> <span class='ocrx_word' id='word_1_98' title='bbox 1630 1663 1631 1666; x_wconf 76' lang='grc'>’</span> 
     </span>
     <span class='ocr_line' id='line_1_17' title="bbox 390 1745 1523 1833; baseline -0.005 -1"><span class='ocrx_word' id='word_1_99' title='bbox 390 1764 671 1832; x_wconf 86' lang='lat' dir='ltr'>Reverendissimo</span> <span class='ocrx_word' id='word_1_100' title='bbox 703 1764 745 1832; x_wconf 88' lang='lat' dir='ltr'>D.</span> <span class='ocrx_word' id='word_1_101' title='bbox 778 1745 956 1833; x_wconf 73' lang='lat' dir='ltr'>Oardinau&#39;</span> <span class='ocrx_word' id='word_1_102' title='bbox 996 1765 1109 1833; x_wconf 87' lang='lat' dir='ltr'>Sancti</span> <span class='ocrx_word' id='word_1_103' title='bbox 1156 1765 1248 1830; x_wconf 90' lang='lat' dir='ltr'>Petri</span> <span class='ocrx_word' id='word_1_104' title='bbox 1290 1763 1332 1828; x_wconf 91' lang='lat' dir='ltr'>ad</span> <span class='ocrx_word' id='word_1_105' title='bbox 1379 1759 1523 1830; x_wconf 84' lang='lat' dir='ltr'>Vincula</span> 
     </span>
     <span class='ocr_line' id='line_1_18' title="bbox 391 1871 1526 1959; baseline -0.002 -22"><span class='ocrx_word' id='word_1_106' title='bbox 391 1874 501 1939; x_wconf 86' lang='lat' dir='ltr'>subito</span> <span class='ocrx_word' id='word_1_107' title='bbox 517 1881 549 1938; x_wconf 90' lang='lat' dir='ltr'>et</span> <span class='ocrx_word' id='word_1_108' title='bbox 564 1872 751 1939; x_wconf 87' lang='lat' dir='ltr'>immediate</span> <span class='ocrx_word' id='word_1_109' title='bbox 768 1876 960 1959; x_wconf 87' lang='lat' dir='ltr'>consignare</span> <span class='ocrx_word' id='word_1_110' title='bbox 980 1875 1121 1954; x_wconf 82' lang='lat' dir='ltr'>studeas,</span> <span class='ocrx_word' id='word_1_111' title='bbox 1138 1894 1213 1938; x_wconf 91' lang='lat' dir='ltr'>nam</span> <span class='ocrx_word' id='word_1_112' title='bbox 1239 1871 1377 1936; x_wconf 91' lang='lat' dir='ltr'>multum</span> <span class='ocrx_word' id='word_1_113' title='bbox 1404 1873 1526 1955; x_wconf 88' lang='lat' dir='ltr'>impor-</span> 
     </span>
     <span class='ocr_line' id='line_1_19' title="bbox 393 1983 1131 2068; baseline 0.001 -22"><span class='ocrx_word' id='word_1_114' title='bbox 393 1986 477 2062; x_wconf 88' lang='lat' dir='ltr'>tant,</span> <span class='ocrx_word' id='word_1_115' title='bbox 492 1988 525 2047; x_wconf 89' lang='lat' dir='ltr'>et</span> <span class='ocrx_word' id='word_1_116' title='bbox 539 1983 677 2048; x_wconf 87' lang='lat' dir='ltr'>celerem</span> <span class='ocrx_word' id='word_1_117' title='bbox 694 1987 936 2066; x_wconf 86' lang='lat' dir='ltr'>responsionem</span> <span class='ocrx_word' id='word_1_118' title='bbox 953 1985 1131 2068; x_wconf 85' lang='lat' dir='ltr'>requirunt</span> 
     </span>
    </p>
   </div>
   <div class='ocr_carea' id='block_1_4' title="bbox 500 2145 949 2208">
    <p class='ocr_par' dir='ltr' id='par_1_6' title="bbox 500 2145 949 2208">
     <span class='ocr_line' id='line_1_20' title="bbox 500 2145 949 2208; baseline 0 -14"><span class='ocrx_word' id='word_1_119' title='bbox 500 2145 659 2205; x_wconf 84' lang='lat' dir='ltr'>(Velenczei</span> <span class='ocrx_word' id='word_1_120' title='bbox 673 2147 758 2195; x_wconf 72' lang='lat' dir='ltr'>allam</span> <span class='ocrx_word' id='word_1_121' title='bbox 774 2147 831 2195; x_wconf 77' lang='lat' dir='ltr'>ltitr</span> <span class='ocrx_word' id='word_1_122' title='bbox 847 2151 905 2198; x_wconf 84' lang='lat'>101.</span> <span class='ocrx_word' id='word_1_123' title='bbox 920 2147 949 2208; x_wconf 85' lang='lat' dir='ltr'>l.)</span> 
     </span>
    </p>
   </div>
   <div class='ocr_carea' id='block_1_5' title="bbox 928 2577 1000 2640">
    <p class='ocr_par' dir='ltr' id='par_1_7' title="bbox 928 2577 1000 2640">
     <span class='ocr_line' id='line_1_21' title="bbox 928 2577 1000 2640; baseline 0 0"><span class='ocrx_word' id='word_1_124' title='bbox 928 2577 1000 2640; x_wconf 86' lang='lat'>111.</span> 
     </span>
    </p>
   </div>
   <div class='ocr_carea' id='block_1_6' title="bbox 399 2733 1532 2936">
    <p class='ocr_par' dir='ltr' id='par_1_8' title="bbox 399 2733 1532 2936">
     <span class='ocr_line' id='line_1_22' title="bbox 399 2733 1532 2825; baseline -0.001 -24"><span class='ocrx_word' id='word_1_125' title='bbox 399 2737 493 2802; x_wconf 68' lang='lat'><strong><em>1462.</em></strong></span> <span class='ocrx_word' id='word_1_126' title='bbox 510 2735 539 2802; x_wconf 87' lang='lat' dir='ltr'><em>A</em></span> <span class='ocrx_word' id='word_1_127' title='bbox 556 2739 707 2803; x_wconf 78' lang='lat' dir='ltr'>velenczei</span> <span class='ocrx_word' id='word_1_128' title='bbox 723 2737 942 2803; x_wconf 79' lang='lat' dir='ltr'>dllnmtanu‘cs</span> <span class='ocrx_word' id='word_1_129' title='bbox 959 2765 978 2804; x_wconf 86' lang='grc' dir='ltr'><em>α</em></span> <span class='ocrx_word' id='word_1_130' title='bbox 996 2741 1064 2803; x_wconf 79' lang='lat' dir='ltr'>reeh</span> <span class='ocrx_word' id='word_1_131' title='bbox 1080 2738 1195 2825; x_wconf 73' lang='lat' dir='ltr'>ttroty</span> <span class='ocrx_word' id='word_1_132' title='bbox 1211 2737 1378 2803; x_wconf 77' lang='lat' dir='ltr'>kdvetdneh</span> <span class='ocrx_word' id='word_1_133' title='bbox 1396 2761 1418 2801; x_wconf 80' lang='lat' dir='ltr'>a</span> <span class='ocrx_word' id='word_1_134' title='bbox 1436 2733 1532 2800; x_wconf 58' lang='lat' dir='ltr'>turult·</span> 
     </span>
     <span class='ocr_line' id='line_1_23' title="bbox 489 2843 1455 2936; baseline 0.002 -29"><span class='ocrx_word' id='word_1_135' title='bbox 489 2846 583 2910; x_wconf 72' lang='lat' dir='ltr'>ottoni</span> <span class='ocrx_word' id='word_1_136' title='bbox 599 2847 667 2933; x_wconf 68' lang='lat' dir='ltr'>upa</span> <span class='ocrx_word' id='word_1_137' title='bbox 679 2843 909 2928; x_wconf 78' lang='lat' dir='ltr'>fotdllitoiso&#39;ru</span> <span class='ocrx_word' id='word_1_138' title='bbox 929 2848 1029 2912; x_wconf 70' lang='lat' dir='ltr'>ezdlzo&#39;</span> <span class='ocrx_word' id='word_1_139' title='bbox 1045 2848 1281 2932; x_wconf 81' lang='lat' dir='ltr'>etdterjeszto‘se‘t</span> <span class='ocrx_word' id='word_1_140' title='bbox 1297 2845 1455 2936; x_wconf 53' lang='lat' dir='ltr'>helpede„</span> 
     </span>
    </p>
   </div>
   <div class='ocr_carea' id='block_1_7' title="bbox 400 3039 1014 3125">
    <p class='ocr_par' dir='ltr' id='par_1_9' title="bbox 400 3039 1014 3125">
     <span class='ocr_line' id='line_1_24' title="bbox 400 3039 1014 3125; baseline 0.002 -19"><span class='ocrx_word' id='word_1_141' title='bbox 400 3039 673 3108; x_wconf 77' lang='lat' dir='ltr'>MOOOOLXII.</span> <span class='ocrx_word' id='word_1_142' title='bbox 691 3042 743 3109; x_wconf 89' lang='lat' dir='ltr'>die</span> <span class='ocrx_word' id='word_1_143' title='bbox 760 3064 845 3107; x_wconf 90' lang='lat' dir='ltr'>nono</span> <span class='ocrx_word' id='word_1_144' title='bbox 861 3041 1014 3125; x_wconf 82' lang='lat' dir='ltr'>Augusti.</span> 
     </span>
    </p>
   </div>
   <div class='ocr_carea' id='block_1_8' title="bbox 307 3146 1623 4654">
    <p class='ocr_par' dir='ltr' id='par_1_10' title="bbox 402 3146 1531 3252">
     <span class='ocr_line' id='line_1_25' title="bbox 402 3146 1531 3252; baseline 0.002 -23"><span class='ocrx_word' id='word_1_145' title='bbox 402 3146 723 3232; x_wconf 61' lang='lat' dir='ltr'>Sapiessisssofflsflii</span> <span class='ocrx_word' id='word_1_146' title='bbox 742 3157 773 3215; x_wconf 64' lang='lat' dir='ltr'>ei</span> <span class='ocrx_word' id='word_1_147' title='bbox 920 3167 1016 3252; x_wconf 79' lang='lat' dir='ltr'>Quod</span> <span class='ocrx_word' id='word_1_148' title='bbox 1048 3166 1228 3250; x_wconf 81' lang='lat' dir='ltr'>Spectabili</span> <span class='ocrx_word' id='word_1_149' title='bbox 1261 3167 1355 3233; x_wconf 93' lang='lat' dir='ltr'>militi</span> <span class='ocrx_word' id='word_1_150' title='bbox 1383 3167 1531 3232; x_wconf 91' lang='lat' dir='ltr'>Domino</span> 
     </span>
    </p>

    <p class='ocr_par' dir='ltr' id='par_1_11' title="bbox 400 3256 1623 4113">
     <span class='ocr_line' id='line_1_26' title="bbox 480 3256 1538 3356; baseline -0.001 -17"><span class='ocrx_word' id='word_1_151' title='bbox 480 3278 495 3311; x_wconf 70' lang='lat'>³⁹</span> <span class='ocrx_word' id='word_1_152' title='bbox 588 3262 611 3318; x_wconf 65' lang='lat' dir='ltr'>i·</span> <span class='ocrx_word' id='word_1_153' title='bbox 628 3256 647 3319; x_wconf 84' lang='lat' dir='ltr'>f·</span> <span class='ocrx_word' id='word_1_154' title='bbox 762 3348 772 3353; x_wconf 53' lang='grc'><strong>,</strong></span> <span class='ocrx_word' id='word_1_155' title='bbox 828 3275 973 3341; x_wconf 90' lang='lat' dir='ltr'>Antonis</span> <span class='ocrx_word' id='word_1_156' title='bbox 1000 3274 1139 3356; x_wconf 81' lang='lat' dir='ltr'>Gallico,</span> <span class='ocrx_word' id='word_1_157' title='bbox 1165 3277 1299 3343; x_wconf 87' lang='lat' dir='ltr'>Oratori</span> <span class='ocrx_word' id='word_1_158' title='bbox 1325 3273 1538 3342; x_wconf 86' lang='lat' dir='ltr'>Serenissimi</span> 
     </span>
     <span class='ocr_line' id='line_1_27' title="bbox 400 3379 1536 3466; baseline 0.003 -22"><span class='ocrx_word' id='word_1_159' title='bbox 400 3379 441 3444; x_wconf 92' lang='lat' dir='ltr'>D.</span> <span class='ocrx_word' id='word_1_160' title='bbox 458 3379 561 3462; x_wconf 88' lang='lat' dir='ltr'>Regis</span> <span class='ocrx_word' id='word_1_161' title='bbox 577 3379 740 3464; x_wconf 91' lang='lat' dir='ltr'>Bohemie,</span> <span class='ocrx_word' id='word_1_162' title='bbox 769 3385 824 3466; x_wconf 88' lang='lat' dir='ltr'>qui</span> <span class='ocrx_word' id='word_1_163' title='bbox 852 3382 895 3449; x_wconf 91' lang='lat' dir='ltr'>ad</span> <span class='ocrx_word' id='word_1_164' title='bbox 921 3385 1118 3464; x_wconf 81' lang='lat' dir='ltr'>presentiam</span> <span class='ocrx_word' id='word_1_165' title='bbox 1134 3389 1281 3450; x_wconf 88' lang='lat' dir='ltr'>nostram</span> <span class='ocrx_word' id='word_1_166' title='bbox 1299 3384 1395 3463; x_wconf 88' lang='lat' dir='ltr'>venit,</span> <span class='ocrx_word' id='word_1_167' title='bbox 1422 3389 1456 3448; x_wconf 92' lang='lat' dir='ltr'>et</span> <span class='ocrx_word' id='word_1_168' title='bbox 1473 3382 1536 3448; x_wconf 92' lang='lat' dir='ltr'>suh</span> 
     </span>
     <span class='ocr_line' id='line_1_28' title="bbox 400 3485 1623 3575; baseline 0.004 -26"><span class='ocrx_word' id='word_1_169' title='bbox 400 3485 521 3552; x_wconf 84' lang='lat' dir='ltr'>litteris</span> <span class='ocrx_word' id='word_1_170' title='bbox 546 3487 799 3557; x_wconf 87' lang='lat' dir='ltr'>credentialibus</span> <span class='ocrx_word' id='word_1_171' title='bbox 817 3492 919 3575; x_wconf 83' lang='lat' dir='ltr'>Regis</span> <span class='ocrx_word' id='word_1_172' title='bbox 946 3491 1089 3574; x_wconf 83' lang='lat' dir='ltr'>ejusdem</span> <span class='ocrx_word' id='word_1_173' title='bbox 1115 3491 1213 3575; x_wconf 90' lang='lat' dir='ltr'>longo</span> <span class='ocrx_word' id='word_1_174' title='bbox 1231 3488 1344 3557; x_wconf 90' lang='lat' dir='ltr'>ordine</span> <span class='ocrx_word' id='word_1_175' title='bbox 1360 3491 1537 3557; x_wconf 90' lang='lat' dir='ltr'>verborum</span> <span class='ocrx_word' id='word_1_176' title='bbox 1620 3489 1623 3498; x_wconf 63' lang='lat'><strong>⁴</strong></span> 
     </span>
     <span class='ocr_line' id='line_1_29' title="bbox 402 3594 1537 3682; baseline 0.004 -24"><span class='ocrx_word' id='word_1_177' title='bbox 402 3594 582 3660; x_wconf 84' lang='lat' dir='ltr'>declaravit</span> <span class='ocrx_word' id='word_1_178' title='bbox 607 3596 700 3661; x_wconf 90' lang='lat' dir='ltr'>nobis</span> <span class='ocrx_word' id='word_1_179' title='bbox 726 3599 882 3681; x_wconf 90' lang='lat' dir='ltr'>optimam</span> <span class='ocrx_word' id='word_1_180' title='bbox 900 3598 1155 3680; x_wconf 80' lang='lat' dir='ltr'>dispositionem,</span> <span class='ocrx_word' id='word_1_181' title='bbox 1177 3598 1369 3682; x_wconf 85' lang='lat' dir='ltr'>fervensque</span> <span class='ocrx_word' id='word_1_182' title='bbox 1385 3599 1537 3682; x_wconf 89' lang='lat' dir='ltr'>proposi-</span> 
     </span>
     <span class='ocr_line' id='line_1_30' title="bbox 402 3701 1538 3788; baseline 0.003 -21"><span class='ocrx_word' id='word_1_183' title='bbox 402 3711 471 3768; x_wconf 91' lang='lat' dir='ltr'>tum</span> <span class='ocrx_word' id='word_1_184' title='bbox 496 3702 630 3768; x_wconf 91' lang='lat' dir='ltr'>Domini</span> <span class='ocrx_word' id='word_1_185' title='bbox 657 3705 706 3768; x_wconf 90' lang='lat' dir='ltr'>sui</span> <span class='ocrx_word' id='word_1_186' title='bbox 733 3705 843 3788; x_wconf 84' lang='lat' dir='ltr'>Regis,</span> <span class='ocrx_word' id='word_1_187' title='bbox 869 3727 907 3769; x_wconf 91' lang='lat' dir='ltr'>ac</span> <span class='ocrx_word' id='word_1_188' title='bbox 922 3705 1025 3788; x_wconf 87' lang='lat' dir='ltr'>Regis</span> <span class='ocrx_word' id='word_1_189' title='bbox 1042 3703 1202 3786; x_wconf 88' lang='lat' dir='ltr'>Pollonie,</span> <span class='ocrx_word' id='word_1_190' title='bbox 1230 3703 1272 3770; x_wconf 87' lang='lat' dir='ltr'>ad</span> <span class='ocrx_word' id='word_1_191' title='bbox 1294 3701 1538 3788; x_wconf 88' lang='lat' dir='ltr'>procedendum</span> 
     </span>
     <span class='ocr_line' id='line_1_31' title="bbox 404 3812 1539 3896; baseline 0.003 -22"><span class='ocrx_word' id='word_1_192' title='bbox 404 3812 609 3892; x_wconf 88' lang='lat' dir='ltr'>magnanime</span> <span class='ocrx_word' id='word_1_193' title='bbox 626 3819 741 3877; x_wconf 85' lang='lat' dir='ltr'>contra</span> <span class='ocrx_word' id='word_1_194' title='bbox 759 3812 910 3894; x_wconf 78' lang='lat' dir='ltr'>Turonm,</span> <span class='ocrx_word' id='word_1_195' title='bbox 927 3812 1119 3896; x_wconf 89' lang='lat' dir='ltr'>nepharium</span> <span class='ocrx_word' id='word_1_196' title='bbox 1135 3812 1262 3878; x_wconf 88' lang='lat' dir='ltr'>hostem</span> <span class='ocrx_word' id='word_1_197' title='bbox 1278 3813 1417 3878; x_wconf 90' lang='lat' dir='ltr'>nominis</span> <span class='ocrx_word' id='word_1_198' title='bbox 1435 3812 1539 3877; x_wconf 89' lang='lat' dir='ltr'>chris-</span> 
     </span>
     <span class='ocr_line' id='line_1_32' title="bbox 403 3919 1539 4007; baseline 0.004 -24"><span class='ocrx_word' id='word_1_199' title='bbox 403 3919 492 4000; x_wconf 86' lang='lat' dir='ltr'>tiani,</span> <span class='ocrx_word' id='word_1_200' title='bbox 509 3923 837 4007; x_wconf 85' lang='lat' dir='ltr'>commemoravitque</span> <span class='ocrx_word' id='word_1_201' title='bbox 853 3921 954 4005; x_wconf 88' lang='lat' dir='ltr'>ligam</span> <span class='ocrx_word' id='word_1_202' title='bbox 966 3928 998 3986; x_wconf 82' lang='lat' dir='ltr'>&#39;et</span> <span class='ocrx_word' id='word_1_203' title='bbox 1009 3921 1260 4004; x_wconf 87' lang='lat' dir='ltr'>intelligentiam</span> <span class='ocrx_word' id='word_1_204' title='bbox 1270 3919 1456 3986; x_wconf 83' lang='lat' dir='ltr'>faciendam</span> <span class='ocrx_word' id='word_1_205' title='bbox 1466 3941 1539 3987; x_wconf 88' lang='lat' dir='ltr'>esse</span> 
     </span>
     <span class='ocr_line' id='line_1_33' title="bbox 404 4025 1541 4113; baseline 0.005 -25"><span class='ocrx_word' id='word_1_206' title='bbox 404 4025 489 4090; x_wconf 89' lang='lat' dir='ltr'>inter</span> <span class='ocrx_word' id='word_1_207' title='bbox 505 4025 564 4090; x_wconf 89' lang='lat' dir='ltr'>hos</span> <span class='ocrx_word' id='word_1_208' title='bbox 581 4027 745 4110; x_wconf 86' lang='lat' dir='ltr'>principes</span> <span class='ocrx_word' id='word_1_209' title='bbox 762 4029 967 4110; x_wconf 85' lang='lat' dir='ltr'>christianos,</span> <span class='ocrx_word' id='word_1_210' title='bbox 993 4027 1143 4095; x_wconf 88' lang='lat' dir='ltr'>videlicet</span> <span class='ocrx_word' id='word_1_211' title='bbox 1159 4031 1283 4112; x_wconf 81' lang='lat' dir='ltr'>Regem</span> <span class='ocrx_word' id='word_1_212' title='bbox 1300 4027 1541 4113; x_wconf 85' lang='lat' dir='ltr'>Franchorum,</span> 
     </span>
    </p>

    <p class='ocr_par' dir='ltr' id='par_1_12' title="bbox 307 4132 1623 4654">
     <span class='ocr_line' id='line_1_34' title="bbox 307 4132 1539 4221; baseline 0.002 -24"><span class='ocrx_word' id='word_1_213' title='bbox 307 4151 309 4156; x_wconf 81' lang='grc'><strong>’</strong></span> <span class='ocrx_word' id='word_1_214' title='bbox 405 4132 512 4214; x_wconf 83' lang='lat' dir='ltr'>Reges</span> <span class='ocrx_word' id='word_1_215' title='bbox 538 4135 624 4216; x_wconf 89' lang='lat' dir='ltr'>ipsos</span> <span class='ocrx_word' id='word_1_216' title='bbox 640 4135 797 4200; x_wconf 88' lang='lat' dir='ltr'>Bohemie</span> <span class='ocrx_word' id='word_1_217' title='bbox 824 4141 857 4200; x_wconf 88' lang='lat' dir='ltr'>et</span> <span class='ocrx_word' id='word_1_218' title='bbox 874 4135 1031 4219; x_wconf 87' lang='lat' dir='ltr'>Polionie,</span> <span class='ocrx_word' id='word_1_219' title='bbox 1058 4137 1184 4221; x_wconf 88' lang='lat' dir='ltr'>Regem</span> <span class='ocrx_word' id='word_1_220' title='bbox 1201 4136 1385 4218; x_wconf 87' lang='lat' dir='ltr'>Hungarie,</span> <span class='ocrx_word' id='word_1_221' title='bbox 1411 4136 1539 4201; x_wconf 86' lang='lat' dir='ltr'>Ducem</span> 
     </span>
     <span class='ocr_line' id='line_1_35' title="bbox 404 4239 1540 4329; baseline 0.003 -23"><span class='ocrx_word' id='word_1_222' title='bbox 404 4239 605 4325; x_wconf 83' lang='lat' dir='ltr'>Burgundio,</span> <span class='ocrx_word' id='word_1_223' title='bbox 631 4243 754 4309; x_wconf 89' lang='lat' dir='ltr'>Ducem</span> <span class='ocrx_word' id='word_1_224' title='bbox 782 4244 933 4328; x_wconf 81' lang='lat' dir='ltr'>Saxonie,</span> <span class='ocrx_word' id='word_1_225' title='bbox 959 4253 992 4311; x_wconf 88' lang='lat' dir='ltr'>et</span> <span class='ocrx_word' id='word_1_226' title='bbox 1017 4267 1085 4327; x_wconf 75' lang='lat' dir='ltr'>nou,</span> <span class='ocrx_word' id='word_1_227' title='bbox 1112 4245 1354 4329; x_wconf 88' lang='lat' dir='ltr'>dominiumque</span> <span class='ocrx_word' id='word_1_228' title='bbox 1380 4248 1540 4326; x_wconf 87' lang='lat' dir='ltr'>nostrum,</span> 
     </span>
     <span class='ocr_line' id='line_1_36' title="bbox 405 4349 1623 4436; baseline 0.004 -25"><span class='ocrx_word' id='word_1_229' title='bbox 405 4349 521 4431; x_wconf 88' lang='lat' dir='ltr'>quibus</span> <span class='ocrx_word' id='word_1_230' title='bbox 546 4351 768 4432; x_wconf 86' lang='lat' dir='ltr'>potentatibus</span> <span class='ocrx_word' id='word_1_231' title='bbox 793 4354 894 4418; x_wconf 89' lang='lat' dir='ltr'>unitis</span> <span class='ocrx_word' id='word_1_232' title='bbox 920 4351 1158 4435; x_wconf 90' lang='lat' dir='ltr'>procedendum</span> <span class='ocrx_word' id='word_1_233' title='bbox 1185 4359 1258 4418; x_wconf 88' lang='lat' dir='ltr'>erat</span> <span class='ocrx_word' id='word_1_234' title='bbox 1282 4350 1325 4417; x_wconf 91' lang='lat' dir='ltr'>ad</span> <span class='ocrx_word' id='word_1_235' title='bbox 1350 4350 1479 4414; x_wconf 90' lang='lat' dir='ltr'>ruinam</span> <span class='ocrx_word' id='word_1_236' title='bbox 1497 4358 1539 4416; x_wconf 88' lang='lat' dir='ltr'>et.</span> <span class='ocrx_word' id='word_1_237' title='bbox 1617 4385 1623 4436; x_wconf 69' lang='grc' dir='ltr'><strong><em>χ</em></strong></span> 
     </span>
     <span class='ocr_line' id='line_1_37' title="bbox 404 4457 1585 4542; baseline 0.006 -25"><span class='ocrx_word' id='word_1_238' title='bbox 404 4457 633 4522; x_wconf 87' lang='lat' dir='ltr'>exterminium</span> <span class='ocrx_word' id='word_1_239' title='bbox 649 4458 743 4526; x_wconf 89' lang='lat' dir='ltr'>istius</span> <span class='ocrx_word' id='word_1_240' title='bbox 761 4463 905 4525; x_wconf 88' lang='lat' dir='ltr'>comunis</span> <span class='ocrx_word' id='word_1_241' title='bbox 922 4461 1035 4542; x_wconf 86' lang='lat' dir='ltr'>hostis,</span> <span class='ocrx_word' id='word_1_242' title='bbox 1053 4462 1135 4528; x_wconf 91' lang='lat' dir='ltr'>sicut</span> <span class='ocrx_word' id='word_1_243' title='bbox 1151 4461 1247 4528; x_wconf 86' lang='lat' dir='ltr'>facile</span> <span class='ocrx_word' id='word_1_244' title='bbox 1258 4459 1541 4542; x_wconf 85' lang='lat' dir='ltr'>fieripoteratper</span> <span class='ocrx_word' id='word_1_245' title='bbox 1582 4534 1585 4540; x_wconf 17' lang='lat' dir='ltr'><em>ff</em></span> 
     </span>
     <span class='ocr_line' id='line_1_38' title="bbox 405 4561 1539 4654; baseline 0.007 -30"><span class='ocrx_word' id='word_1_246' title='bbox 405 4561 528 4643; x_wconf 80' lang='lat' dir='ltr'>modos,</span> <span class='ocrx_word' id='word_1_247' title='bbox 556 4565 613 4642; x_wconf 88' lang='lat' dir='ltr'>qui</span> <span class='ocrx_word' id='word_1_248' title='bbox 640 4565 776 4631; x_wconf 84' lang='lat' dir='ltr'>invicem</span> <span class='ocrx_word' id='word_1_249' title='bbox 805 4569 924 4632; x_wconf 82' lang='lat' dir='ltr'>servari</span> <span class='ocrx_word' id='word_1_250' title='bbox 950 4574 1082 4654; x_wconf 86' lang='lat' dir='ltr'>possent</span> <span class='ocrx_word' id='word_1_251' title='bbox 1109 4575 1142 4634; x_wconf 90' lang='lat' dir='ltr'>et</span> <span class='ocrx_word' id='word_1_252' title='bbox 1167 4575 1246 4649; x_wconf 84' lang='lat' dir='ltr'>ect.;&#39;</span> <span class='ocrx_word' id='word_1_253' title='bbox 1277 4570 1361 4632; x_wconf 85' lang='lat' dir='ltr'>sicut</span> <span class='ocrx_word' id='word_1_254' title='bbox 1390 4586 1449 4649; x_wconf 87' lang='lat' dir='ltr'>per</span> <span class='ocrx_word' id='word_1_255' title='bbox 1476 4563 1539 4632; x_wconf 86' lang='lat' dir='ltr'>Ser</span> 
     </span>
    </p>
   </div>
   <div class='ocr_carea' id='block_1_9' title="bbox 0 0 1660 5308">
    <p class='ocr_par' dir='ltr' id='par_1_13' title="bbox 0 0 1660 5308">
     <span class='ocr_line' id='line_1_39' title="bbox 0 0 1660 5308; baseline 0 0"><span class='ocrx_word' id='word_1_256' title='bbox 0 0 1660 5308; x_wconf 95' lang='lat' dir='ltr'> </span> 
     </span>
    </p>
   </div>
  </div>
 </body>
</html>
