3268 5308
363 345 426 406 132
714 350 947 404 uincouuenrur
964 340 1129 404 1111111111.

361 517 438 584 XII
452 519 555 584 millia
581 539 640 599 pro
667 518 817 600 gentibus
842 517 1066 594 conducendis,
1090 520 1283 598 quocontra
1300 513 1489 579 ’.1111111111-

360 627 431 692 beri
440 631 581 710 possent,
591 624 670 708 quid
680 627 799 708 quippe
810 623 942 690 fecimus
954 621 1276 707 quamlibentissime,
1288 643 1353 688 non
1365 621 1489 688 obstan·
1540 660 1564 670 -·
1610 610 1612 613 ⁸

361 735 449 799 tibus
467 735 621 818 gravibus
637 734 785 816 expensis
802 735 931 814 nostris,
948 732 1066 815 quibus
1081 730 1231 814 impliciti
1247 753 1358 796 sumus
1374 733 1488 797 tamin
1600 729 1607 736 ⁴

364 842 468 906 classe
494 842 668 922 maritima,
696 861 793 923 quam
818 839 914 922 longe
940 840 1156 922 potentiorem
1172 839 1267 902 solito
1285 838 1443 906 habemus
1459 839 1488 902 in

362 969 459 1028 mare,
485 967 582 1031 quam
599 949 633 1010 in
648 944 831 1011 muniendis
846 947 942 1010 terris
957 948 1077 1011 nostris
1093 944 1238 1010 finitimis
1254 945 1373 1025 Tureo,
1391 947 1490 1028 genti·
1554 949 1558 956 “

362 1054 422 1120 bus
449 1063 482 1121 et
507 1054 666 1139 presidijs.
694 1052 1024 1119 Commemoravimus
1044 1057 1144 1119 etiam
1163 1053 1338 1119 Sanctitati
1358 1053 1490 1136 prefate,

364 1164 499 1230 celerem
516 1164 702 1228 missionem
718 1163 814 1225 unius
829 1162 948 1243 Legati
965 1163 998 1224 in
1014 1161 1232 1243 Hungariam,
1262 1161 1414 1225 uidelicet
1428 1159 1489 1224 Re·

361 1272 627 1338 verendissimum
650 1270 828 1334 Dominum
854 1268 1063 1335 Cardinalem
1091 1269 1123 1336 S.
1141 1267 1272 1352 Angeli.
1311 1268 1358 1332 llt
1383 1289 1490 1351 quam·

362 1400 460 1462 quem
477 1400 516 1443 ex
533 1380 593 1456 bis,
619 1400 681 1460 que
698 1377 863 1456 habemus,
889 1397 1056 1459 speramus
1072 1377 1192 1441 bonam
1209 1382 1241 1439 et
1258 1380 1404 1459 optatam
1421 1397 1491 1441 con·

363 1487 539 1550 elusionem
555 1487 650 1550 istius
666 1487 801 1548 materie
818 1483 1010 1567 intelligere,
1036 1483 1143 1566 cupidi
1159 1489 1270 1549 tamen
1280 1484 1385 1568 magis
1396 1504 1491 1566 quam

363 1616 514 1677 uuquam,
541 1599 577 1656 ut
602 1592 636 1656 id
652 1591 789 1657 indilate
806 1598 970 1674 sequatur,
995 1613 1123 1655 rursum
1141 1592 1327 1673 scripsimus
1343 1591 1490 1656 Romano

363 1700 515 1766 Pontifici
532 1702 565 1763 iu
582 1699 806 1765 efficacissima
824 1698 937 1780 forma,
955 1721 997 1764 ae
1010 1701 1108 1763 etiam
1123 1719 1182 1782 per
1197 1698 1338 1763 medium
1349 1696 1490 1762 Circum-

363 1809 465 1890 speeti
481 1806 612 1872 Nicolai
631 1807 823 1891 Sagundinj‚
852 1808 1026 1890 Secretarij
1056 1811 1169 1890 nostri,
1194 1829 1290 1890 quem
1313 1808 1382 1892 jam
1399 1807 1491 1873 bonis

363 1915 477 1979 diebus
494 1917 637 1979 misimus
647 1915 943 1980 adBeatitudinem
955 1915 1063 1996 Suam,
1080 1914 1160 1979 nihil
1172 1915 1270 1998 studij
1283 1920 1315 1980 et
1326 1915 1492 1998 diligentie

363 2023 642 2104 pretermittimus,
667 2028 704 2084 ut
729 2022 804 2086 huic
829 2025 876 2087 rei
902 2024 996 2088 detur
1022 2024 1179 2087 citissima
1196 2023 1368 2107 expeditio,
1396 2043 1493 2106 quam

363 2131 476 2195 dietim
500 2129 682 2212 intelligere
708 2130 941 2212 prestolamur3
966 2132 1004 2196 de
1021 2137 1144 2214 quanto
1161 2153 1238 2196 vero
1254 2137 1417 2214 sequetur,
1442 2131 1493 2196 lit·

362 2240 443 2302 teris
461 2239 582 2303 nostris
598 2243 630 2300 te
643 2239 812 2301 certiorem
821 2237 984 2319 faciemus,
1000 2245 1037 2302 ut
1047 2239 1153 2303 omnia
1164 2240 1268 2302 nostri
1278 2244 1372 2322 parte
1382 2259 1493 2321 quam·

362 2348 501 2428 primum
518 2346 621 2428 Regio
636 2345 808 2428 Majestati
829 2351 909 2410 nota
935 2329 1043 2410 faeere
1060 2347 1171 2427 possis,
1197 2345 1240 2410 ad
1257 2345 1348 2428 eujus
1364 2364 1492 2425 presen-

361 2455 440 2517 tiam
456 2453 611 2534 volumus,
639 2460 675 2517 ut
699 2454 936 2536 quamprimum
962 2454 1052 2518 adire
1079 2453 1218 2534 studeas
1246 2453 1405 2535 premissa
1430 2452 1489 2517 sibi

365 2557 587 2642 significando,
603 2558 900 2642 subjungendoque,
917 2559 1004 2643 quod
1016 2560 1188 2642 diligentes
1204 2560 1360 2625 honorem
1377 2565 1411 2625 et
1429 2565 1491 2625 sta·

364 2673 434 2731 tum
451 2687 552 2747 suum,
569 2665 653 2728 sieut
670 2674 815 2732 nostrum
831 2670 1005 2751 proprium,
1022 2690 1060 2733 ac
1076 2670 1110 2732 in
1126 2689 1161 2730 re
1177 2669 1240 2733 ista
1255 2671 1424 2750 prevenire
1441 2689 1491 2734 uo·

364 2775 477 2854 lentes,
494 2772 674 2838 studiosam
691 2795 821 2856 operam
838 2776 953 2840 damus
969 2775 1184 2858 recuperandi
1201 2776 1334 2840 ducatos
1345 2776 1382 2842 X
1393 2777 1491 2857 mille,

364 2903 444 2964 quos
470 2882 519 2946 vel
537 2903 594 2964 per
610 2883 695 2945 viam
712 2883 837 2966 eambij,
862 2884 912 2946 uel
929 2883 1026 2948 aliter
1042 2885 1279 2966 quamprimum
1294 2884 1425 2948 mittere
1441 2905 1492 2948 eu·

362 2988 507 3053 rabimus
533 2989 575 3052 ad
601 2996 710 3070 partes
727 2988 810 3068 illae,
836 2995 871 3053 ut
887 2989 1062 3055 Serenitati
1079 2989 1144 3055 Sue
1160 2991 1263 3056 favori
1280 3011 1349 3056 csse
1365 2992 1491 3073 possint

363 3101 476 3159 eontra
494 3096 626 3173 Tureos,
652 3095 692 3158 de
718 3117 855 3178 quorum
881 3099 1043 3180 missione,
1068 3104 1102 3162 ct
1116 3120 1174 3180 pcr
1190 3119 1271 3181 quos
1288 3097 1402 3162 modos
1418 3098 1492 3182 alijs

362 3203 481 3268 nostris
498 3203 614 3265 litteris
631 3202 815 3282 explicitam
832 3206 987 3270 noticiam
1003 3205 1062 3270 tibi
1079 3205 1236 3287 dabimus,
1253 3213 1289 3270 ut
1303 3207 1412 3272 omnia
1422 3227 1491 3288 pre-

290 3349 292 3353 ·
362 3310 428 3375 fate
445 3308 623 3374 Serenitati
640 3307 703 3372 Sue
720 3309 901 3391 significare
917 3313 1031 3394 poesie,
1057 3314 1112 3394 qui
1129 3312 1166 3376 X
1183 3313 1286 3377 millia
1303 3311 1416 3378 ducati
1433 3333 1489 3395 po-

363 3424 434 3482 stea
459 3415 774 3497 excomputabuntur
799 3418 832 3479 in
858 3419 1013 3502 pecuuijs,
1039 3440 1101 3500 que
1126 3439 1184 3501 pro
1210 3422 1360 3502 portione
1376 3427 1491 3486 nostra

364 3524 537 3605 solventur,
553 3525 637 3587 sieut
653 3524 834 3604 predictum
850 3533 907 3590 est.
927 3526 1018 3589 Bene
1035 3532 1144 3592 autem
1160 3527 1317 3610 volumus,
1332 3535 1371 3592 ut
1385 3531 1493 3594 nostri
1551 3564 1556 3571 ·
1625 3589 1627 3614 ,

361 3639 455 3715 parte
480 3653 596 3715 rogare
613 3632 731 3697 debeas
748 3632 957 3716 Majestatem
974 3632 1085 3716 Suam,
1110 3637 1197 3718 quod
1214 3657 1252 3700 ex
1268 3635 1379 3702 multis
1395 3636 1492 3700 bonis

361 3741 559 3825 respectibus
576 3761 642 3805 rem
658 3742 757 3806 istam
774 3748 929 3806 secretam
946 3748 1057 3808 tenere
1073 3741 1182 3808 libeat.

469 3847 510 3924 -l-
562 3853 625 3914 124
671 3887 712 3896 —-
762 3855 803 3912 28
851 3886 893 3898 »-
941 3855 991 3914 31.

469 4012 627 4074 (Velenezei
642 4012 851 4061 11111111]11’1·88.
867 4013 896 4072 l)
