3256 5304
631 696 703 756 171.

98 855 197 920 1464.
222 851 420 918 Avelcaraei
443 855 663 920 dilamtandca
678 857 809 942 Ma'tyds
834 857 1015 942 kirc'lyualc
1041 881 1062 920 c
1074 858 1225 945 pdpddoz

345 962 470 1028 triluca
487 965 654 1030 lodvete'oek
667 965 877 1053 pdrtfopdrdt
893 966 986 1056 iperi.

96 1154 411 1224 noooonxnu.
429 1159 480 1224 aa
497 1157 616 1228 xxv.
633 1159 738 1246 Junrj.

97 1263 272 1350 sapientes
290 1263 427 1351 0⁰¹1⁸llll
444 1266 483 1334 Ol*
605 1285 700 1370 Quod
730 1287 923 1354 Reverendo
955 1285 1049 1352 Patri
1081 1286 1225 1350 Domino

191 1397 207 1432 ³
300 1380 323 1440 l·
339 1373 360 1439 f·
480 1342 859 1480 lEpiscopoTheniui
876 1391 1229 1461 OratoriSerenissimi

96 1498 199 1581 Regis
215 1499 398 1584 Hungarie,
425 1503 481 1583 qui
506 1523 608 1586 nuper
633 1504 675 1568 ad
699 1503 898 1586 presentiam
913 1507 1060 1566 nostram
1076 1501 1173 1581 veuit,
1197 1507 1229 1568 et

98 1609 301 1690 presentavit
325 1609 419 1675 nobis
444 1610 559 1676 literas
584 1611 688 1698 Regis
712 1608 867 1694 ejusdem,
893 1615 926 1675 et
942 1609 1119 1693 explicavit
1134 1609 1227 1675 nobis

97 1714 334 1799 profectionem
359 1738 451 1784 suam
477 1719 519 1788 ad
546 1715 668 1784 Summ.
694 1717 888 1784 Pontificem
915 1724 949 1784 et
965 1739 1133 1785 numerum
1151 1737 1230 1800 geu-

96 1820 180 1886 tium
205 1825 406 1905 equestrium
433 1833 467 1893 et
490 1827 700 1911 pedestrium,
730 1848 812 1910 quas
830 1826 899 1894 Sua
914 1825 1083 1892 Serenitas
1099 1825 1230 1910 paravit

2 1939 3 2026 ,
96 1951 157 2014 pro
183 1931 329 1998 exeundo
345 1935 379 2000 iu
395 1940 513 2017 castra,
538 1935 781 2020 declaravitque
796 1957 950 2019 maguum
970 1955 1139 2002 numerum
1155 1956 1230 2018 gen·

1 2043 4 2114 ζ
97 2037 190 2118 tium,
217 2061 297 2122 quas
315 2041 441 2108 Turnus
467 2042 567 2110 habet
591 2043 626 2108 in
642 2040 765 2124 Servia,
791 2041 951 2124 Bulgaria
978 2047 1012 2108 et
1026 2041 1230 2122 Macedonia,

1 2139 2 2206 3
96 2153 131 2213 et
146 2169 284 2231 magnos
306 2157 485 2234 apparatus
500 2151 690 2218 victualium
707 2157 739 2217 et
755 2152 892 2218 aliarum
910 2171 1028 2233 rerum,
1053 2173 1134 2234 quos
1150 2149 1231 2216 facit

96 2257 131 2320 in
147 2255 297 2341 partibus
314 2257 388 2339 illis,
414 2265 451 2324 ut
467 2260 548 2324 etin
565 2259 706 2325 Bossina
722 2265 755 2325 et
771 2259 849 2324 alibi
865 2258 1063 2324 christianos
1079 2259 1229 2323 extermi-

1 2359 2 2447 ]
98 2385 180 2430 nare
205 2369 359 2444 conetur3
392 2364 511 2448 quibus
536 2368 632 2433 malis
650 2373 687 2432 ut
704 2367 829 2433 obviari
842 2365 958 2450 possit,
983 2366 1123 2449 majores
1139 2366 1227 2430 vires

1 2493 2 2512 ³
97 2474 282 2540 necessarie
308 2480 383 2540 suut
397 2475 460 2559 ipsi
475 2475 572 2558 Regi,
598 2481 636 2543 ut
651 2475 738 2541 hosti
753 2479 906 2558 potenter
922 2495 956 2539 se
973 2495 1136 2557 opponere
1151 2495 1224 2557 pos-

1 2589 3 2654 ?
97 2580 148 2662 sit,
173 2602 369 2666 sperareque
396 2583 434 2648 de
461 2588 577 2666 optata
592 2583 737 2664 victoria,
762 2580 982 2666 proficiscitur
998 2581 1038 2648 ob
1055 2582 1090 2647 id
1106 2579 1229 2648 Orator

96 2689 160 2752 iste
186 2687 229 2754 ad
254 2687 422 2754 Summum
448 2689 651 2769 Pontificem,
677 2699 714 2758 ut
738 2689 906 2757 Sanctitas
923 2690 991 2758 Sua
1005 2689 1177 2773 provideat
1193 2695 1226 2754 et

1 2795 2 2815 ³
97 2800 165 2878 eet,
191 2797 276 2860 siout
299 2819 358 2880 per
384 2796 634 2864 serenissimum
650 2797 829 2866 Dominum
845 2799 971 2864 Ducem
988 2798 1063 2864 huie
1078 2796 1227 2866 Oousilio

96 2903 237 2969 relatum
254 2903 311 2970 est.
337 2905 605 2989 Respondentur:

205 3009 303 3095 QUOd
318 3013 544 3094 intelleximua
566 3019 725 3097 quantum
742 3013 809 3080 Sua
825 3013 866 3078 R.
883 3012 1073 3078 Paternitas
1091 3034 1154 3077 uon
1171 3011 1229 3076 mi-

1 3123 3 3202 ἷ
97 3141 158 3186 nus
190 3121 368 3203 prudenter
400 3142 500 3203 quam
530 3122 697 3207 eleganter
729 3123 822 3189 uobis
847 3122 1005 3206 exposuit,
1036 3121 1229 3204 egimusque

1 3262 2 3276 ι
97 3227 224 3310 gratias
240 3226 345 3310 Regie
363 3226 540 3293 Serenitati
556 3228 730 3312 Hungarie
747 3251 808 3312 pro
825 3229 875 3294 his
897 3228 1058 3306 omnibuS,
1085 3247 1147 3311 que
1172 3249 1228 3294 no·

96 3334 222 3400 biscum
247 3336 451 3402 comunicare
477 3336 563 3420 fecit,
590 3357 738 3402 asserens
755 3337 855 3402 etiam
871 3358 932 3420 pro
950 3357 1008 3400 sua
1025 3335 1229 3400 humanitate

1 3449 5 3477 t
96 3449 245 3509 nostrum
270 3443 442 3508 eonsilium
468 3447 559 3528 sequi
576 3443 668 3510 velle.
693 3443 926 3527 Oognoseimus
942 3445 976 3510 id
992 3444 1169 3527 procedere
1187 3443 1228 3508 ab

1 3559 2 3640 l
95 3557 250 3617 consveta
275 3551 507 3633 benevolentia,
533 3573 631 3635 quam
657 3558 752 3636 gerat
779 3559 890 3618 nostro
907 3551 1080 3632 Domini0;
1105 3556 1138 3614 et
1161 3549 1229 3632 qui-

95 3660 167 3725 dem
192 3681 254 3742 pro
281 3679 320 3724 ea
336 3659 493 3743 singulari
509 3659 689 3741 affectione,
716 3667 749 3725 et
764 3661 941 3725 intrinseca
957 3658 1104 3740 caritate,
1130 3679 1229 3741 quam

1 3792 2 3839 t
95 3766 136 3832 ad
146 3766 366 3833 Serenitatem
378 3765 479 3833 Suam
494 3767 661 3850 habenae,
676 3768 832 3833 vellemus
844 3787 979 3850 semper,
997 3771 1030 3831 et
1039 3787 1228 3849 cuperemus

1 3912 2 3948 ι
96 3877 204 3941 omnia
229 3875 401 3941 succedere
426 3876 468 3940 ad
493 3881 569 3941 vota
593 3876 785 3961 Majestatis
811 3873 885 3940 Sue.
920 3874 1110 3938 Laudamus
1126 3873 1228 3956 pluri-

1 3986 2 4069 ,
97 4007 190 4066 mum,
208 3983 297 4066 quod
312 3985 381 4068 ipse
398 3981 520 4050 Orator
536 3982 580 4048 ad
595 3987 791 4067 presentiam
809 3983 902 4048 Rom.
914 3980 1085 4046 Pontificio
1102 4002 1136 4048 se
1153 4002 1228 4045 con-

1 4097 2 4180 }
97 4093 178 4159 ferat
203 4113 268 4176 quo
283 4093 421 4158 celerius
437 4113 507 4158 esse
522 4091 635 4174 possit,
663 4091 896 4173 declaraturus,
913 4089 1123 4172 quantumin
1140 4109 1228 4151 man·

99 4197 181 4264 datis
206 4198 343 4264 habeta
361 4197 574 4264 Serenissimo
591 4195 691 4280 Rege,
715 4218 843 4281 quoque
859 4217 986 4261 omnem
1002 4217 1133 4279 operam
1149 4194 1228 4259 dare

1 4297 2 4304 ἵ
99 4307 236 4388 studeat,
261 4313 298 4372 ut
324 4305 412 4372 Sum.
430 4304 586 4371 Pontifex
610 4304 791 4387 provideat,
817 4309 850 4368 et
875 4303 1080 4387 pecuniarios
1097 4303 1223 4367 favores

1 4463 2 4494 ἶ
98 4421 220 4497 prestet
233 4415 340 4498 Regio
355 4413 536 4498 Majestati,
562 4413 646 4478 siout
663 4419 694 4477 et
710 4434 769 4476 nos
786 4431 982 4494 magnopere
998 4409 1154 4492 cupimus.
1178 4409 1224 4473 Et

1 4583 2 4600 ,
100 4521 139 4586 ob
155 4523 189 4588 id
206 4523 385 4588 scribemus
402 4523 502 4587 etiam
517 4523 552 4586 in
568 4519 692 4585 efficaci
708 4518 812 4584 forma
829 4519 872 4583 ad
882 4514 1061 4583 Oratorem
1073 4523 1229 4602 nostrum,
