3256 5304
657 389 751 454 1463.
1205 394 1268 457 259

134 563 292 646 tulerunt,
324 565 497 632 intellectis
525 569 586 650 his,
623 591 687 651 que
719 568 869 650 scribitis
895 569 935 633 de
961 571 1271 636 murmurationibus

63 685 65 692 ’
137 657 236 740 factis
264 670 304 735 de
325 672 418 737 nobis
444 676 478 739 in
504 677 646 740 exercitu
662 676 765 758 Regis
782 673 968 758 Majestatis
985 674 1163 757 Hungarie.
1189 675 1272 740 Post

133 769 285 852 reditum
301 782 341 846 R.
357 782 398 847 D.
414 785 571 868 Episcopi
596 783 842 865 Modrusiensis,
868 781 1020 849 Oratoris
1045 785 1186 850 suitam
1211 807 1271 868 pro

137 893 237 958 rebus
263 891 426 970 Bossine,
457 913 557 974 quam
590 914 694 976 exquo
731 914 795 957 non
820 890 1004 956 dederimus
1029 891 1157 957 favores
1188 893 1273 957 ullos

136 1001 349 1085 pecuniarum
391 999 496 1064 eidem
522 999 736 1066 Serenissimo
762 999 854 1083 Regi.
879 1000 1104 1065 Intelleximus
1136 1021 1272 1084 quoque,

138 1110 219 1194 quid
249 1109 424 1174 retulerint
453 1109 544 1174 vobis
570 1111 656 1174 circa
680 1132 732 1174 res
762 1111 844 1175 istas
876 1109 918 1174 R.
948 1109 1083 1174 Domini
1114 1110 1271 1194 Episcopi

138 1217 340 1283 Colociensis
357 1224 389 1281 et
407 1218 628 1297 Varadiensis,
645 1224 677 1283 et
692 1218 924 1302 respondentes
941 1218 1033 1285 vobis
1058 1241 1131 1284 cum
1156 1224 1269 1284 nostro

140 1325 289 1391 Consilio
315 1323 531 1408 Rogatorum‚
556 1327 703 1408 dicimus,
729 1325 817 1409 quod
840 1347 901 1408 pro
927 1333 1050 1409 quanto
1072 1328 1214 1411 pertinet
1231 1329 1272 1394 ad

140 1435 276 1517 negotia
292 1433 439 1512 Bossine‚
457 1427 678 1517 superioribus
694 1435 815 1498 nostris
839 1433 959 1499 litteris
986 1435 1066 1498 satis
1091 1435 1272 1518 intelligere

141 1541 307 1626 potuistis,
324 1541 351 1604 si
368 1541 407 1605 de
418 1543 514 1606 rebus
525 1541 758 1624 illisimpedire
770 1563 829 1606 nos
838 1541 994 1624 volumus,
1011 1564 1139 1623 neene;
1162 1543 1218 1607 sed
1235 1543 1275 1608 de

140 1651 205 1714 hoe
221 1650 320 1713 etiam
337 1650 548 1732 experientia,
566 1671 629 1732 que
645 1672 755 1714 rerum
771 1651 929 1732 magistra
945 1657 1004 1730 est,
1030 1672 1140 1716 omnes
1157 1651 1274 1716 amodo

142 1757 341 1823 certissimos
358 1757 498 1822 reddere
515 1763 634 1840 potest,
645 1756 684 1822 de
702 1757 890 1822 sinceritate
908 1757 1006 1822 animi
1023 1759 1128 1822 nostri
1144 1761 1275 1843 penitus

142 1866 245 1930 alieni
271 1887 290 1929 a
315 1865 412 1930 rebus
437 1865 512 1930 illis.
538 1865 660 1930 Comiti
686 1885 760 1928 vero
792 1861 961 1929 Vladislao
987 1865 1056 1930 filio
1087 1866 1139 1932 Ill.
1171 1867 1276 1932 Ducis

143 1973 307 2056 Stephani
317 1974 370 2038 hic
387 1973 621 2037 instantissime
638 1971 817 2054 requirenti
834 1973 904 2036 dati
922 1971 1053 2036 fuerunt
1070 1995 1128 2056 per
1145 1982 1276 2040 nostros

143 2081 250 2164 aliqui
265 2081 394 2160 modici,
411 2086 443 2144 et
459 2087 497 2145 ut
512 2082 560 2145 ita
575 2080 761 2161 dixerimus,
780 2079 905 2142 minimi
919 2079 1056 2162 favores,
1073 2088 1110 2146 ut
1135 2083 1277 2165 quedam

142 2191 220 2254 loca
235 2189 424 2274 patrimonii
442 2189 492 2254 sui
518 2195 680 2272 occupata
706 2210 764 2273 per
790 2187 915 2253 Tureos
940 2210 1134 2270 recuperare
1158 2199 1277 2274 posset.

146 2297 198 2361 Et
212 2295 289 2360 licet
315 2297 396 2360 certi
411 2317 529 2379 sumus,
545 2297 632 2380 quod
649 2302 724 2361 ante
740 2297 800 2360 has
822 2295 1087 2380 justificaveritis,
1102 2298 1159 2362 ubi
1184 2307 1216 2364 et
1240 2302 1280 2364 si-

145 2409 205 2468 cut
235 2425 316 2487 opus
331 2402 440 2484 fuerit,
465 2425 537 2468 cum
558 2405 692 2487 propria
707 2405 844 2469 veritate
860 2426 929 2468 rem
945 2405 1061 2469 istam:
1086 2427 1215 2470 rursum
1231 2413 1280 2471 ta·

144 2533 224 2578 men
240 2513 274 2578 id
290 2513 382 2578 vobis
413 2511 598 2595 significare
624 2511 804 2578 studuimus
829 2534 888 2595 pro
914 2511 1138 2579 satisfactione
1162 2515 1280 2578 mentis

145 2627 268 2704 nostre,
283 2625 381 2703 atque
398 2619 425 2683 si
440 2620 529 2685 istud
544 2619 684 2685 forsitan
700 2641 764 2684 non
788 2626 873 2684 esset
889 2619 1086 2686 sufficienter
1112 2627 1231 2702 aetum,
1247 2623 1282 2686 id

146 2730 258 2795 facere
288 2727 417 2809 curetiS,
450 2727 714 2811 quandoquidem
740 2728 843 2792 omnis
868 2728 974 2810 glorie
1000 2735 1032 2793 et
1058 2729 1282 2812 amplitudinis

146 2838 257 2920 Regio
273 2835 459 2918 Majestatis
476 2834 646 2918 Hungarie
662 2835 807 2919 profesto
824 2857 889 2901 non
905 2837 1002 2900 simus
1027 2838 1133 2901 minus
1162 2841 1280 2921 cupidi,

149 2967 251 3028 quam
267 2943 393 3026 proprij
410 2943 543 3008 honoris
559 2951 592 3008 et
610 2943 768 3008 commodi
785 2945 897 3009 nostri.

265 3051 362 3116 Circa
378 3057 506 3134 partem
523 3052 637 3135 auxilij
658 3052 877 3138 pecuniarum,
894 3072 956 3134 que
974 3053 1125 3118 dicuntur
1142 3055 1283 3121 noluisse

147 3160 226 3228 dari
243 3179 298 3242 per
317 3181 375 3222 nos
391 3165 506 3223 contra
516 3160 745 3242 promissiones
755 3165 884 3224 nostras
895 3166 929 3224 et
940 3166 998 3226 eet.
1015 3160 1179 3229 Dicimus:
1197 3164 1284 3246 quod

151 3269 197 3334 de
214 3269 264 3332 his
280 3266 387 3333 verbis
405 3269 485 3332 satis
502 3269 613 3332 mirati
631 3289 750 3349 sumne,
769 3267 932 3351 quomodo
949 3290 1137 3352 quecunque
1165 3271 1285 3353 promi·

150 3379 270 3442 simus:
287 3375 462 3440 observare
479 3397 607 3458 semper
623 3376 711 3440 omni
728 3375 839 3440 studio
851 3379 1078 3458 consuevimus,
1091 3379 1285 3445 Oratoribus

151 3491 266 3552 autem
292 3483 387 3548 istius
412 3481 619 3549 Serenissimi
645 3481 754 3566 Regis,
780 3483 837 3566 qui
864 3491 941 3548 ante
957 3483 1133 3548 Dominum
1149 3485 1287 3568 Episco-

151 3614 235 3680 pum
250 3590 511 3657 Modrusiensem
532 3590 574 3655 ad
590 3612 649 3656 nos
676 3596 841 3672 venerunt,
867 3592 944 3656 dum
969 3593 1215 3675 requisivissent
1239 3589 1255 3655 f
1276 3633 1287 3644 -

151 3721 252 3768 vores
276 3705 414 3780 nostros,
432 3699 582 3764 fatemur
617 3697 749 3783 dixisse,
769 3697 858 3780 quod
883 3720 1010 3763 eramus
1037 3701 1182 3763 contenti
1209 3699 1287 3764 dare

154 3807 263 3890 Regis
295 3805 468 3890 Majestati
501 3805 566 3872 Sue
598 3805 750 3872 Ducatos
780 3806 860 3871 IIII
889 3806 993 3872 millia
1025 3809 1058 3870 in
1089 3827 1197 3871 mense
1231 3826 1289 3889 per

154 3936 285 3982 menses
301 3934 374 3993 sex3
394 3915 451 3979 sed
467 3915 530 3998 ipsi
547 3915 622 3980 huic
638 3914 796 3980 oblationi
812 3937 875 3979 non
897 3915 1137 3998 acquieverunt,
1163 3934 1288 3978 asseve-

154 4030 270 4090 rantes
287 4021 411 4105 Regem
427 4023 534 4105 ipsum
550 4043 615 4086 non
631 4023 703 4088 istis
719 4023 873 4106 pecunijs,
901 4023 957 4086 sed
976 4043 1040 4087 uno
1059 4019 1239 4104 Capitoneo
1257 4023 1290 4082 et

156 4127 314 4215 gentibus
330 4129 499 4214 armigeris
515 4130 724 4194 terrestribus
741 4137 773 4194 et
788 4125 915 4196 vexillis
931 4129 1051 4194 nostris
1062 4149 1143 4212 opus
1159 4125 1291 4210 hebere,

158 4261 225 4324 que
242 4245 357 4321 gentes
377 4239 552 4303 actualiter
576 4237 697 4303 bellum
723 4237 882 4304 inferrent
906 4238 1067 4303 communi
1083 4237 1178 4302 hosti.
1203 4234 1290 4319 Quo·

158 4347 258 4412 modo
284 4345 399 4410 classis
416 4351 527 4411 nostra
542 4346 708 4411 maritima
727 4348 809 4412 nihil
827 4353 884 4412 aut
900 4369 1018 4430 parum
1042 4347 1149 4410 Turco
1175 4363 1291 4409 nocere

159 4460 312 4539 poterat:
330 4454 485 4518 successit
500 4475 539 4518 ex
554 4455 624 4538 hoc,
640 4454 727 4537 qnod
746 4455 822 4519 visis
839 4456 966 4539 magnis
983 4453 1181 4518 successibus
1197 4453 1293 4517 istius

158 4560 378 4652 perfidissimi
397 4562 511 4646 hostis,
528 4562 701 4644 cupidique
729 4561 762 4626 in
787 4565 910 4628 eunctis
935 4560 1147 4648 possibilibus
1174 4557 1293 4624 satisfa

1138 4667 1187 4720 iv*
