3268 5308
630 329 724 394 1461.
1020 353 1026 370 ’
1185 331 1245 396 115

111 509 232 587 posset,
259 524 297 568 ac
324 506 427 570 etiam
447 506 598 588 periculis
615 507 716 590 Regis
733 509 870 573 Bossine
887 515 919 574 et
934 509 1036 574 Ducis
1054 506 1180 574 Stefani
1196 533 1245 574 oc-

39 687 45 697 ,
112 621 311 695 curreretur,
335 623 435 696 utque
461 616 682 682 mediantibus
707 618 943 700 provisionibus
969 619 1048 700 ipsis
1065 618 1182 682 Turcis
1198 639 1246 682 re-

112 713 230 786 sistere
257 730 291 786 91
317 724 350 786 in
376 723 439 786 tide
465 726 586 788 servari
612 732 746 807 possent
771 726 812 790 ad
829 732 956 809 tempus
972 728 1134 808 generalis
1151 748 1245 810 expe·

112 829 247 894 ditionis
256 855 263 910 3
273 853 333 912 pro
344 837 468 912 quanto
479 853 554 896 vero
565 832 606 896 ad
618 855 675 897 nos
687 834 866 916 spectabat,
882 856 953 898 0111
965 835 1051 898 11119
1061 840 1245 899 consuetum
1277 889 1279 893 .

112 959 271 1020 expensas
299 946 428 1002 nostras
445 961 484 1002 ac
500 941 585 1004 vires
601 961 719 1023 augere
736 943 954 1006 necessarium
970 940 1063 1006 nobis
1080 947 1171 1020 esset,
1196 963 1245 1005 re-

113 1045 273 1126 quirimus
289 1044 335 1109 X.
353 1044 436 1108 XX.
454 1051 488 1109 et
504 1045 626 1110 XXX.
643 1046 789 1111 locorum
804 1054 1000 1131 nostrorum,
1026 1069 1111 1112 nune
1135 1054 1243 1112 autem

112 1173 150 1216 ex
166 1150 273 1218 verbis
285 1149 349 1216 Sue
360 1150 605 1233 Magnificentie
621 1150 928 1235 comprehendentes
938 1154 1095 1236 premissa
1107 1153 1242 1220 difficul-

44 1323 51 1327 .
111 1261 185 1338 tari,
197 1281 254 1324 seu
265 1258 468 1341 quodamodo
479 1245 622 1324 11911101
633 1261 1017 1344 posse,nisinosoperam
1029 1262 1242 1344 demus,quod

111 1387 163 1431 res
183 1366 291 1448 Regni
310 1365 420 1431 Sicilie
437 1375 552 1450 pacate
569 1370 634 1431 sint
647 1368 742 1450 juxta
758 1375 897 1433 mentem
914 1368 1085 1434 Pontificis
1096 1370 1241 1434 Maximi.

112 1473 243 1558 Quippe
256 1471 422 1557 loquentes
433 1496 505 1538 cum
515 1474 727 1540 Beatitudine
737 1474 805 1540 Sua
816 1477 914 1542 solita
925 1476 1104 1556 devotione,
1115 1482 1148 1540 et
1159 1478 1243 1540 sicut

111 1602 204 1646 veros
221 1587 255 1646 et
271 1581 411 1663 optimos
428 1580 512 1645 filios
528 1582 631 1661 decet,
657 1583 736 1646 satis
761 1583 910 1665 perplexi
934 1583 1156 1662 remansimus
1182 1605 1242 1647 nec

91 1692 97 1698 '
110 1689 308 1771 persuadere
321 1689 413 1753 uobis
424 1710 595 1770 possumus
606 1687 822 1754 Sanctitatem
830 1689 938 1771 Suam,
949 1711 1047 1772 qnam
1060 1710 1183 1771 semper
1193 1711 1241 1753 sa-

109 1798 349 1879 pientissimam
376 1798 534 1877 novimus,
569 1797 785 1879 cupidumque
810 1800 896 1861 omni
921 1798 1049 1862 ardenti
1075 1799 1182 1862 studio
1207 1799 1240 1860 in

110 1902 366 1969 christianorum
383 1905 532 1984 salntem,
553 1905 650 1987 hujus
668 1925 739 1969 esse
757 1906 924 1986 sententie,
953 1905 1091 1969 maxime
1109 1905 1239 1988 quando

16 2051 21 2056 -
109 2011 172 2076 hoc
183 2013 342 2095 superiori
360 2019 504 2094 ternpore
521 2012 605 2075 nihil
622 2011 731 2095 studij,
747 2018 805 2074 aut
821 2012 989 2093 diligentie
1005 2013 1240 2094 pretermiseri-

109 2141 183 2182 mus
200 2141 260 2202 pro
279 2140 358 2202 pace
374 2125 406 2182 et
422 2121 531 2201 quiete
547 2121 649 2202 ipsius
665 2119 790 2201 Regni;
813 2120 957 2182 misimus
974 2119 1014 2183 ob
1031 2119 1063 2183 id
1082 2120 1239 2185 Oratores

109 2235 240 2294 nostros
250 2227 294 2291 ad
304 2228 430 2310 Regem
441 2234 473 2292 et
483 2227 679 2310 Principem,
695 2228 751 2290 diu
761 2227 870 2290 inillis
881 2227 1029 2309 partibus
1040 2234 1238 2308 manserunt,

109 2337 192 2400 nihil
218 2335 377 2419 proficere
402 2343 586 2418 potuerunt.
619 2335 769 2400 Misimus
795 2357 923 2418 quoque
940 2335 1083 2415 Legatos
1109 2343 1238 2400 nostros

109 2445 152 2510 ad
169 2444 311 2526 Regiam
327 2443 538 2528 Majestatem
560 2443 793 2525 Franchorum,
817 2444 1046 2524 tenuimusque
1071 2463 1124 2506 eos
1150 2442 1238 2524 apud

110 2551 330 2618 Serenitatem
349 2549 459 2631 Suam,
485 2550 607 2616 nullam
624 2552 724 2616 aliam
740 2550 781 2615 ob
798 2572 876 2632 rem,
891 2573 990 2633 quam
1006 2551 1047 2615 al
1064 2550 1237 2615 exhortan-

110 2661 186 2724 dum
214 2666 248 2722 et
272 2658 489 2725 inducendum
513 2679 585 2724 eam
612 2658 654 2723 ad
669 2657 905 2740 suscipiendam
922 2659 1106 2741 irnpresiam
1123 2665 1238 2725 contre
1297 2699 1299 2703 -

109 2767 261 2846 Turnum,
288 2772 324 2830 11
348 2787 405 2848 per
431 2787 627 2850 consequens
644 2765 841 2847 cogitamine
858 2786 917 2829 sua
932 2786 952 2828 a
967 2765 1064 2829 rebus
1080 2767 1188 2849 Regni
1205 2773 1237 2830 et

1 2917 2 2966 3
62 2895 66 2898 ·
107 2877 132 2940 J
134 2897 217 2942 anue
234 2875 394 2939 divertere
412 2875 525 2956 possit.
550 2872 601 2938 At
616 2873 689 2938 Rex
705 2874 773 2958 ipse
790 2879 977 2937 constanter
992 2872 1149 2937 hactenus
1164 2895 1235 2955 per-

108 2985 225 3047 sistere
251 2982 377 3047 videtur
402 2985 491 3066 prius
508 2984 658 3067 Regnum
683 3005 721 3047 ac
736 2982 879 3049 danuam
905 2982 1080 3066 obtinendi,
1104 2983 1144 3047 de
1161 2983 1237 3048 hinc

109 3096 255 3169 sanctam
281 3090 518 3173 expeditionem
534 3092 741 3173 magnanime
758 3112 791 3154 se
808 3090 1032 3173 amplexurum
1048 3091 1238 3173 pollicetur,

107 3219 173 3262 non
199 3203 249 3260 est
274 3197 443 3262 obscurum
461 3199 639 3264 Beatudini
656 3198 729 3280 Sue,
754 3222 812 3263 nos
838 3201 987 3264 continue
1012 3200 1045 3263 in
1066 3199 1115 3264 his
1140 3199 1237 3264 rebus

106 3305 227 3387 Regni,
251 3305 331 3368 moti
356 3305 543 3371 decentibus
559 3313 591 3371 et
606 3306 749 3371 honestis
765 3305 965 3389 respectibus
981 3306 1142 3371 neutrales
1159 3327 1236 3388 esse,

107 3414 300 3494 instituisse,
328 3413 467 3478 diximus
492 3415 525 3479 id
545 3436 671 3498 semper
696 3420 729 3479 91
755 3413 949 3481 Oratoribus
968 3412 1000 3478 S.
1017 3412 1081 3479 Sue
1107 3419 1139 3478 91
1156 3412 1238 3479 Ora-

106 3521 235 3586 toribus
252 3519 456 3587 Serenissimi
472 3521 575 3604 Regis
591 3521 827 3605 Franchorum,
852 3522 928 3586 dum
944 3543 1065 3603 magna
1081 3523 1238 3586 instantia

107 3629 259 3712 petijsset
284 3630 410 3695 favores
435 3637 572 3711 nostros,
598 3638 635 3696 ut
651 3629 803 3714 Regnum
820 3629 930 3695 Sicilie
952 3631 1105 3713 potiatur,
1129 3631 1157 3694 si
1182 3653 1238 3695 uu·

108 3759 209 3821 quam
235 3744 365 3821 tempus
381 3738 453 3820 tuit,
479 3761 543 3822 quo
559 3740 593 3803 in
611 3737 673 3806 hae
688 3739 900 3804 neutralitate
916 3739 1090 3821 persistere
1107 3738 1239 3804 debere·

108 3867 182 3910 mus
199 3853 231 3910 et
246 3868 311 3910 non
321 3867 496 3928 provocare
506 3847 598 3912 nobis
609 3848 739 3928 emulos,
755 3846 788 3910 id
798 3846 944 3929 profecto
954 3846 1238 3926 impresentiarum

109 3974 182 4018 esse
208 3955 448 4038 cognoscimns;
472 3956 632 4038 quomodo
657 3956 733 4020 lieet
756 3975 815 4038 per
831 3954 976 4036 elapsum
992 3954 1190 4017 tenuerimus
1206 3955 1239 4016 in

110 4083 202 4127 mare
217 4061 336 4126 bonum
353 4085 521 4129 numerum
537 4065 724 4146 triremium,
739 4069 776 4128 ut
792 4058 1084 4127 machinationibus
1096 4059 1239 4121 comunis

108 4169 216 4234 hostis
241 4169 454 4252 obviaremus,
488 4193 529 4236 ne
555 4173 588 4236 in
613 4173 737 4238 viscera
762 4169 1012 4238 christianitatis
1042 4169 1239 4249 penetraret,

109 4276 256 4359 quotidie
273 4282 383 4342 tamen
399 4298 582 4344 excrescere
599 4281 772 4344 sentientes
788 4276 933 4359 pericula
943 4274 1044 4338 hostis
1054 4273 1164 4356 ipsius,
1180 4294 1239 4354 pro

110 4390 235 4467 quanto
259 4406 439 4467 possumus,
464 4391 497 4450 et
522 4387 564 4451 ad
592 4408 649 4450 nos
666 4391 802 4469 spectat,
819 4383 987 4448 innitimur
1002 4401 1120 4464 augere
1135 4380 1240 4462 provi·

109 4492 228 4572 aiones,
252 4512 311 4557 nec
335 4492 436 4558 ullam
460 4492 558 4558 aliam
583 4515 650 4558 rem
677 4493 739 4556 nisi
756 4513 828 4556 curn
844 4488 1017 4556 manifesto
1033 4485 1177 4571 periculo
1193 4487 1240 4550 in·

1102 4595 1133 4654 811ι
