3268 5308
641 381 734 443 1461.
967 419 970 425 Α
1189 389 1251 450 107

122 554 169 618 Et
185 575 225 618 ex
240 553 300 632 his,
316 575 379 637 que
392 554 588 640 jampridem
605 559 792 641 scripsimus
811 561 849 625 B.
868 560 943 642 Sue,
960 561 1024 625 huc
1049 582 1082 625 se
1118 563 1256 628 contulit

124 683 210 728 unus
227 663 297 746 ejus
308 663 439 743 Orator,
456 685 527 729 eum
545 686 608 747 quo
625 667 776 732 continue
793 674 948 734 sumuset
960 671 1068 735 omnia
1079 693 1250 755 operamur

126 793 187 854 pro
204 770 444 853 provisionibus
455 771 622 856 faciendis,
643 780 676 840 et
692 781 728 838 ut
743 765 969 858 principaliter
981 785 1187 844 succurratur
1203 801 1251 843 re·

104 881 185 945 -bus
202 879 267 943 illis
283 879 468 964 Huugarie,
484 882 594 947 omnia
609 882 780 965 possibilia
796 883 903 948 iacere
919 905 983 949 non
1009 885 1206 969 desistimus
1222 893 1255 952 et

123 987 276 1051 similiter
286 992 323 1051 ut
339 988 443 1052 omnis
460 1010 559 1071 opera
569 993 809 1072 quamprimum
820 991 1025 1072 adhibeatur,
1036 995 1124 1076 quod
1134 993 1255 1059 dissen-

122 1097 232 1159 siones
258 1096 402 1177 vigentes
428 1097 513 1162 iuter
534 1097 682 1179 Regnum
704 1098 837 1163 illudet
860 1098 1095 1182 Imperatorem
1120 1103 1250 1167 omnino

122 1202 294 1283 tollantur,
312 1203 394 1267 sicut
411 1205 501 1285 sequi
516 1204 631 1270 debere
649 1205 837 1270 confidimus
853 1206 910 1288 ita,
933 1211 970 1271 ut
986 1229 1049 1272 non
1065 1207 1169 1274 solum
1186 1230 1251 1273 om-

122 1331 181 1374 nes
198 1309 320 1374 offense
337 1315 450 1375 contra
467 1311 626 1396 Regnum,
643 1313 699 1377 sed
716 1333 829 1377 omnes
846 1315 944 1378 etiam
970 1315 1170 1397 suspiciones
1195 1317 1254 1381 tol·

122 1417 248 1501 lentur,
267 1418 353 1482 unde
377 1423 521 1484 tenemus
538 1425 572 1485 et
599 1421 633 1484 in
653 1421 763 1485 divina
788 1420 935 1488 bonitate
952 1421 1149 1505 confidimus,
1167 1425 1255 1507 quod

123 1547 177 1590 res
194 1525 445 1591 christianorum
461 1527 551 1594 brevi
567 1529 782 1613 disponentur
798 1530 832 1594 in
848 1529 978 1596 modum
1004 1532 1091 1614 quod
1117 1532 1255 1598 feliciter

123 1637 158 1696 et
174 1633 217 1698 ad
233 1639 309 1698 vota
325 1636 506 1701 succedant.
532 1638 580 1703 Et
596 1638 635 1702 de
652 1638 711 1717 his,
743 1660 805 1721 que
821 1639 908 1704 circa
929 1639 990 1705 hoc
1007 1636 1120 1706 dictim
1147 1661 1256 1706 occur-

122 1746 208 1820 rent,
235 1742 405 1808 reddemus
431 1749 463 1809 te
488 1747 610 1811 nostris
626 1746 744 1811 litteris
761 1747 943 1812 certiorem.
969 1748 1043 1812 Hcc
1060 1749 1167 1813 omnia
1184 1769 1257 1813 con-

121 1851 210 1915 tenti
242 1871 352 1914 sumus
383 1857 415 1915 et
438 1851 594 1934 volumus,
620 1859 657 1918 ut
670 1855 765 1938 juxta
789 1875 898 1920 rerum
924 1855 1118 1938 exigentiam
1151 1856 1256 1920 dicere

124 1956 246 2024 debeas
272 1962 340 2020 tam
356 1957 459 2041 Regie
475 1960 647 2044 Majestati
673 1983 771 2044 quam
797 1963 873 2046 alijs
890 1961 1034 2028 Prclatis
1060 1970 1093 2028 et
1118 1964 1256 2029 Baroni·

122 2065 186 2129 bus
203 2071 238 2128 et
253 2065 341 2130 unite
357 2071 389 2130 et
405 2075 562 2150 seperate,
579 2069 661 2133 sicut
677 2070 791 2135 melius
809 2077 842 2135 et
866 2071 978 2136 utilius
1004 2092 1073 2136 esse
1099 2092 1256 2153 coguove-

123 2171 179 2252 riS,
190 2171 403 2254 gubernando
420 2195 545 2257 semper
562 2181 593 2241 te
610 2176 644 2240 in
661 2175 810 2242 omnibus
821 2183 915 2242 caute
926 2184 959 2243 et
969 2183 1101 2259 secrete,
1112 2176 1208 2243 sicuti
1221 2185 1254 2243 te

123 2278 288 2344 facturum
305 2279 513 2347 consedimus.

235 2385 323 2470 Quid
339 2394 490 2471 preterea
509 2391 551 2455 ad
571 2413 630 2456 nos
656 2391 830 2476 scripseris,
856 2392 918 2456 tibi
943 2391 1042 2457 fuisse
1060 2391 1200 2458 relatum
1217 2393 1257 2457 de

124 2495 281 2560 missione
315 2496 409 2560 unius
447 2497 600 2564 Oratoris
624 2499 729 2564 nostri
764 2499 807 2563 ad
831 2498 1077 2581 Imperatorem,
1102 2505 1134 2564 et
1160 2500 1258 2564 etiam

124 2604 224 2667 unius
241 2603 375 2668 alterius
401 2604 443 2668 ad
464 2605 638 2688 Turchum,
665 2607 882 2672 intelleximus
909 2607 1039 2691 optime,
1065 2613 1165 2692 utque
1190 2628 1258 2674 rem

126 2711 228 2776 istam
239 2711 321 2776 bene
329 2711 511 2796 justificare
522 2720 555 2779 et
565 2715 706 2780 veridice
718 2714 886 2779 declarare
896 2714 1013 2798 possis:
1031 2721 1081 2780 est
1091 2721 1200 2781 nostre
1211 2716 1257 2779 in-

125 2819 286 2884 tentionis
306 2819 502 2902 etvolumus,
523 2822 610 2904 quod
621 2822 688 2886 illis
699 2824 754 2905 qui
766 2823 918 2887 dixerunt
928 2822 989 2887 tibi
1000 2823 1097 2887 verba
1107 2820 1258 2905 predicta

124 2935 157 2992 et
174 2929 276 2992 etiam
293 2927 367 3012 alijs
384 2965 427 2974 -
444 2930 471 2993 si
488 2932 536 2994 ita
553 2935 726 3013 opportere
742 2930 941 2997 existimabis
952 2967 995 2975 —-
1006 2929 1112 2994 dicere
1129 2930 1259 3012 debeas,

124 3036 214 3120 quod
240 3057 306 3101 non
330 3037 492 3101 missimus
519 3057 715 3120 quemquam
741 3037 783 3101 ad
807 3037 1047 3120 imperatorem,
1072 3036 1134 3102 nisi
1160 3036 1257 3102 modo

105 3133 253 3208 ‘efluxus
279 3150 329 3208 est
354 3166 467 3226 annus,
485 3146 541 3227 qui
566 3144 628 3209 fuit
652 3146 702 3209 vir
728 3145 847 3209 nobilis
875 3142 1000 3210 Vitalis
1025 3143 1152 3224 Laudo,
1170 3145 1258 3228 quod

126 3253 233 3317 solum
257 3253 429 3335 processit,
455 3254 533 3336 quia
549 3251 735 3336 Imperator
751 3254 820 3337 ipse
841 3258 950 3336 preter
973 3257 1156 3318 retroactas
1185 3275 1257 3318 oon-

126 3361 313 3427 svetudines
331 3365 437 3426 certas
454 3359 679 3426 innovationes
706 3366 819 3425 contra
843 3365 1042 3426 mercatores
1059 3367 1092 3425 et
1109 3360 1257 3426 subditos

126 3475 259 3536 nostros
275 3469 361 3550 fecit,
386 3469 582 3552 imponendo
609 3491 709 3534 novas
737 3469 883 3551 gabellas
908 3475 941 3533 et
957 3468 1051 3534 dacia
1069 3474 1101 3533 et
1118 3466 1258 3551 quedam

127 3579 194 3643 alia
209 3571 357 3643 indebita
373 3575 532 3660 faciende,
559 3599 619 3659 pro
638 3578 755 3659 quibus
772 3583 804 3642 et
820 3599 884 3642 non
900 3577 1001 3642 aliam
1016 3575 1118 3641 ullam
1135 3574 1175 3640 ob
1192 3595 1260 3638 rem

9 3677 12 3684 ’
79 3731 83 3744 .
127 3686 167 3750 ad
185 3684 407 3750 serenitatem
424 3682 525 3750 Suam
540 3686 694 3750 misimus.

236 3790 293 3859 Ad
311 3793 478 3857 Turchum
493 3815 570 3859 vero
592 3792 754 3859 Nuntium
770 3797 917 3856 nostrum
934 3791 1062 3855 mittere
1080 3789 1182 3855 coacti
1198 3789 1260 3853 fui-

128 3923 199 3966 mus
216 3899 415 3966 solummodo
431 3907 564 3984 propter
579 3899 701 3965 multas
714 3899 883 3980 novitates
895 3897 1076 3977 violentias,
1088 3903 1120 3960 et
1131 3897 1258 3974 damna,

131 4031 194 4092 que
209 4009 433 4074 inferebantur
450 4014 482 4074 et
499 4008 615 4072 inferri
642 4029 709 4073 non
735 4013 862 4072 cessant
889 4005 1030 4071 subditis
1054 4005 1174 4068 nostris
1200 4001 1262 4067 Oo-

130 4119 201 4181 roni
217 4123 251 4180 et
266 4115 420 4182 Mothoni
435 4138 494 4200 per
511 4114 659 4181 Turohos
677 4114 837 4180 Subbassi
853 4114 1009 4178 finitimos
1034 4111 1100 4175 illis
1116 4111 1212 4174 terris
1229 4115 1261 4174 et
1308 4133 1312 4138 ·

48 4233 54 4240 '
131 4227 209 4290 locis
235 4225 358 4290 nostris
384 4229 417 4288 et
431 4246 497 4289 non
512 4225 579 4289 alia
594 4245 711 4304 causa,
738 4223 829 4305 sique
845 4221 941 4285 aliter
961 4217 1127 4301 vulgatum
1144 4221 1203 4294 est,
1227 4216 1261 4280 id

132 4334 262 4416 penitus
288 4355 308 4396 a
334 4332 470 4396 veritate
500 4330 652 4410 declinat,
688 4331 745 4413 qui
770 4328 914 4393 Nuntius
939 4327 1053 4392 habito
1078 4323 1164 4388 circa
1189 4343 1261 4412 pre·

132 4441 230 4506 missa
245 4460 411 4522 responso,
427 4439 614 4504 immediate
630 4438 771 4502 recessit.
