3256 5304
750 323 984 378 olrnouacnim
1002 309 1168 378 uuoduns.

928 653 1000 714 165.

397 818 492 879 1464.
515 816 546 878 Α
563 816 717 878 velcnozei
741 815 952 899 koztdrsaso'p
977 839 998 877 o
1014 813 1188 876 csdszdrtdl
1205 813 1337 875 erkezett
1351 812 1459 898 pdpoi
1473 811 1523 875 1ιὸ-
1607 789 1608 792 ¹

398 935 477 986 vetet
502 948 523 985 a
549 923 702 986 keresztes
726 921 876 1007 screpnck
892 923 1194 1007 Mopyarorsza'poo
1210 921 1320 984 leandri
1335 919 1523 983 dtooaoldso

760 1028 1002 1094 lcicszlcdzle'sc'rc
1019 1029 1167 1093 dealbari.

394 1223 708 1292 MCGCOLXIIII.
726 1224 777 1288 die
795 1224 909 1306 quinto
925 1221 1061 1307 Aprilis.

393 1331 562 1416 8ΞΨῘΕΠὉΘΒ
582 1331 715 1416 00¹¹Sflil
738 1340 770 1398 ei
879 1348 975 1433 Quod
991 1347 1186 1414 Reverendo
1203 1349 1345 1414 Domino
1361 1347 1520 1432 Episcopo
1538 1389 1539 1397 κ

398 1440 770 1542 ,ζῇ-ἵξῃ
826 1456 1030 1540 Torcellano,
1042 1459 1098 1539 qui
1110 1457 1241 1523 rediens
1252 1459 1293 1522 ab
1302 1455 1519 1540 Imperatoria

393 1566 573 1650 Majestate
598 1566 746 1649 Legatus
772 1564 868 1631 Sane.
895 1565 1062 1632 Pontificio
1088 1566 1241 1631 Dominio
1265 1553 1380 1628 nostro
1411 1561 1518 1627 retulit

395 1696 443 1757 ea,
461 1696 524 1758 que
541 1675 616 1739 huic
632 1673 775 1740 Consilio
791 1695 850 1758 per
867 1673 1117 1741 Serenissimum
1129 1674 1168 1740 D.
1181 1673 1307 1738 Ducem
1323 1672 1431 1737 relata
1440 1677 1518 1744 sunt,

395 1783 650 1866 respondeatur:

501 1891 546 1955 Et
565 1891 679 1974 primo,
692 1888 942 1956 R.Paternitati
958 1914 1014 1956 sue
1030 1891 1146 1974 gratijs
1162 1890 1245 1954 actis
1261 1889 1519 1954 convenientibus

394 2020 453 2081 pro
480 1999 606 2064 sincera
631 1998 702 2081 ejus
728 1999 942 2082 dispositione
968 2005 1001 2064 et
1024 1998 1195 2065 affectione
1231 2020 1309 2082 erga
1335 1995 1517 2062 Dominium

396 2112 541 2170 nostrum
568 2112 601 2169 et
626 2128 686 2189 pro
710 2106 771 2186 his,
798 2127 861 2188 que
877 2107 910 2171 in
925 2107 1023 2171 rebus
1039 2107 1180 2171 occursis
1196 2105 1239 2169 ad
1255 2105 1412 2169 honorem
1428 2111 1459 2168 et
1472 2125 1519 2168 co·

397 2215 529 2278 modum
554 2219 700 2279 nostrum
725 2213 964 2297 pertinentibus
980 2214 1157 2300 prudenter
1173 2219 1206 2278 et
1221 2211 1397 2277 affectuose
1413 2233 1518 2296 opera·
1606 2241 1608 2300 j

397 2329 450 2387 tus
477 2330 534 2403 est,
560 2344 632 2387 cum
648 2321 714 2386 illis
729 2320 823 2385 bonis
840 2327 873 2385 ot
888 2320 1142 2386 accommodatis
1158 2319 1275 2402 verbis,
1302 2341 1364 2402 que
1381 2318 1519 2402 Collegio
1606 2343 1608 2410 j

398 2432 467 2495 visa
491 2430 629 2510 suerint;
655 2429 697 2492 ad
722 2435 850 2512 partem
865 2450 974 2493 rerum
990 2427 1257 2512 Tergestinarum
1273 2427 1413 2508 dicatur,
1439 2423 1519 2510 quod
1606 2473 1608 2480 Α

398 2540 572 2622 plurimum
589 2537 761 2604 laudamus
777 2539 1065 2624 prudentissimam
1081 2539 1323 2623 responsionem
1340 2536 1457 2602 factam
1467 2554 1520 2617 per

399 2667 489 2710 suam
515 2645 556 2708 R.
582 2647 824 2712 Paternitatem
850 2647 892 2714 ad
917 2669 968 2712 res
993 2646 1198 2730 supradictas
1223 2666 1282 2728 pro
1296 2641 1519 2730 justificatione

400 2752 532 2834 dominij
560 2755 673 2817 nostri.
697 2756 744 2818 Et
760 2755 922 2838 quomodo
938 2755 980 2820 ad
997 2755 1249 2838 Imperatoriam
1267 2751 1474 2836 Majestatem
1489 2753 1520 2812 et
1606 2771 1607 2774 ¹

399 2860 442 2925 ad
468 2861 550 2926 alios
575 2862 673 2926 etiam
689 2862 798 2945 Reges
815 2869 848 2927 et
864 2864 1036 2947 Principes
1052 2863 1182 2926 missuri
1198 2883 1299 2946 prope
1315 2861 1401 2925 diem
1418 2876 1519 2924 sumus

401 2969 575 3035 Oratorem
602 2977 757 3052 nostrum,
782 2970 872 3034 aliud
897 2992 957 3056 pro
983 2972 1125 3054 presenti
1142 2970 1247 3034 dicere
1263 2971 1297 3032 in
1314 2969 1376 3033 hac
1392 2967 1521 3032 materia

400 3098 464 3139 non
481 3082 532 3140 est
548 3099 685 3142 necesse.

508 3179 565 3246 Ad
580 3192 708 3268 partem
725 3187 1034 3270 crucesignatorum,
1050 3188 1187 3270 dicatur,
1205 3187 1292 3272 quod
1310 3187 1393 3251 siout
1408 3185 1447 3250 R.
1462 3181 1521 3247 Pa·
1592 3210 1596 3220 ’

405 3287 543 3353 tornitas
559 3312 628 3371 sua,
654 3312 716 3374 que
733 3293 987 3375 prudentissima
1002 3299 1060 3375 est,
1087 3295 1208 3378 optime
1224 3294 1395 3376 intelliget,
1413 3296 1460 3356 est
1474 3289 1521 3354 via

404 3393 464 3459 heo
479 3396 578 3478 longa
595 3398 812 3482 dispendiosa,
833 3405 866 3463 et
881 3401 992 3464 multis
1009 3423 1048 3466 ao
1064 3403 1191 3484 magnis
1209 3400 1411 3465 difficultatis
1426 3395 1521 3480 impli-

401 3501 476 3583 cita,
502 3503 542 3566 ob
570 3526 652 3587 quas
677 3506 876 3588 impossibile
903 3507 994 3572 nobis
1011 3507 1139 3572 videtur
1154 3514 1267 3590 gentes
1282 3507 1357 3572 illas
1374 3505 1521 3590 perhanc

400 3610 485 3674 viam
512 3633 545 3675 se
571 3613 750 3677 conducere
766 3620 809 3706 a
832 3615 972 3678 transire
987 3637 1091 3698 posse.
1130 3615 1296 3681 Mittimus
1313 3620 1460 3696 preterea
1474 3609 1522 3673 de·

401 3719 555 3801 presenti,
582 3726 614 3784 et
630 3719 761 3785 missuri
778 3723 876 3786 etiam
893 3743 1011 3804 sumus,
1041 3730 1075 3789 et
1092 3723 1135 3787 ad
1151 3729 1263 3807 partes
1280 3720 1424 3787 Amoree
1440 3715 1522 3784 etad

402 3833 513 3909 partes
530 3824 675 3893 Albanio
701 3850 855 3912 magnum
876 3830 1165 3914 stipendiariorum
1181 3852 1359 3911 numerum,
1386 3849 1445 3914 pro
1461 3822 1523 3908 qui·

402 3933 462 3998 bus
488 3935 646 4018 impedita
672 3941 756 4016 sunt,
782 3943 815 3999 et
840 3944 998 4020 occupata
1025 3959 1216 4022 quecunque
1242 3937 1375 4019 navigia
1400 3939 1522 4009 nostra;

404 4042 462 4106 sed
479 4046 608 4106 attenta
625 4043 839 4125 importantia
855 4044 948 4126 regni
958 4044 1140 4127 Hungarie‚
1157 4044 1376 4127 facilitatique
1387 4050 1525 4108 etcomo·

406 4147 510 4213 ditate
527 4149 733 4232 opprimendi
750 4169 808 4232 per
823 4150 913 4215 illam
928 4153 1024 4234 viam,
1041 4158 1073 4216 et
1089 4175 1147 4236 per
1158 4153 1240 4217 alias
1251 4152 1349 4216 etiam
1360 4154 1524 4216 terrestres

403 4259 436 4317 et
461 4255 582 4321 vicinas
608 4278 776 4322 comunem
801 4255 976 4339 inimicum,
1005 4259 1171 4324 videretur
1202 4257 1295 4324 nobis
1327 4257 1525 4323 utilissimum

405 4361 484 4444 fore,
501 4368 537 4426 ut
554 4361 622 4428 Sua
638 4359 678 4428 R.
699 4359 888 4430 Paternitas
905 4366 1062 4431 scriberet
1078 4367 1121 4431 ad
1139 4368 1215 4432 illas
1230 4373 1351 4450 partes,
1367 4374 1402 4432 et
1417 4383 1525 4429 memo·

404 4471 486 4536 ratis
513 4470 762 4536 difficultatibus
788 4473 942 4554 predictis
969 4475 1134 4554 scriberet,
1160 4481 1193 4540 et
1217 4475 1387 4540 induceret
1402 4473 1475 4538 illos
1490 4468 1525 4534 ad
