3314 5300
755 418 988 470 nucouacmur
1004 404 1172 468 1111111111.

933 752 1005 813 186.

404 917 501 979 1464.
529 913 557 978 A
577 914 729 978 veleuczei
746 914 966 977 allamraaacs
988 912 1119 976 odiosae
1145 913 1416 997 mapparorszrtpe'
1442 909 1532 972 bdoe-

400 1027 496 1105 lebez,
518 1049 538 1087 o
553 1025 647 1088 tb'rdlc
663 1023 747 1088 altat
763 1023 903 1108 ajdulott
918 1017 990 1086 te'lce
1007 1023 1033 1085 el
1049 1045 1120 1085 111111
1138 1021 1309 1108 fopaddsa
1336 1021 1531 1105 tdrpyctbua.

399 1217 718 1297 ncoconxmr.
736 1218 788 1283 aie
805 1217 909 1284 xru.
925 1217 1089 1301 uanuaaj.

508 1326 643 1394 Oratori
660 1333 770 1392 nostro
787 1327 874 1411 apud
892 1326 1137 1394 Serenissimum
1153 1324 1278 1409 Regem
1295 1323 1479 1407 Hungarie.

401 1443 419 1502 2
440 1436 626 1520 O⁰11⁸llllllll
777 1451 859 1518 Tam
876 1451 980 1520 literis
991 1453 1104 1518 vestris
1114 1451 1310 1517 dieiXVH.
1329 1423 1529 1515 Novembris

401 1543 662 1646 Qsl-f-
722 1563 882 1646 preteriti,
900 1582 998 1644 quam
1015 1562 1161 1644 exemplo
1173 1561 1341 1626 literarum
1353 1559 1457 1642 Regio
1470 1559 1528 1624 Se-

400 1672 553 1736 renitatis
569 1669 741 1754 Hungarie
758 1671 954 1754 scriptarum
971 1671 1012 1736 ad
1029 1670 1070 1735 R.
1086 1669 1128 1734 D.
1145 1671 1340 1753 Episcopum
1360 1666 1532 1732 011111111-

402 1801 478 1863 sem,
504 1785 538 1844 et
564 1779 606 1843 ad
631 1801 696 1862 voe,
723 1780 811 1862 quod
838 1780 973 1844 misistis
998 1781 1099 1861 nobis,
1126 1779 1344 1844 intelleximus
1361 1799 1529 1842 successus

400 1887 588 1970 Majestatis
604 1885 678 1968 Sue,
695 1888 965 1969 optentionesque
982 1886 1137 1966 locorum,
1164 1886 1203 1950 de
1221 1887 1338 1969 quibus
1355 1886 1389 1950 in
1405 1885 1531 1951 eisdem

399 1994 504 2059 literis
521 1995 629 2077 agitur
645 1995 777 2060 mentio.
804 1993 856 2059 De
872 1995 1009 2078 reliquis
1028 1995 1125 2060 etiam
1142 1994 1387 2060 occurrentibus
1403 2013 1532 2058 reman-

401 2103 500 2167 simus
517 2101 692 2186 informati,
718 2109 923 2184 vestramque
949 2101 1152 2186 diligentiam
1170 2109 1203 2166 et
1218 2101 1426 2185 prudentiam
1444 2122 1532 2165 com-

401 2210 599 2293 mendamus,
616 2211 769 2293 volentes,
786 2210 872 2294 quod
898 2210 981 2274 detis
1007 2232 1140 2293 operam
1165 2208 1310 2275 adeundi
1326 2209 1530 2297 presentiam

402 2319 505 2402 Regie
536 2318 724 2403 Majestatis
765 2317 946 2399 Hungarie,
994 2314 1252 2400 congratulando
1299 2335 1354 2380 vos
1396 2316 1529 2380 nomine

400 2433 511 2492 nostro
527 2429 567 2493 de
585 2425 785 2492 successibus
802 2426 875 2508 suis,
892 2448 973 2509 quos
992 2425 1146 2509 profecto,
1163 2445 1222 2508 pro
1239 2429 1353 2489 nostra
1369 2423 1532 2506 singulari
1632 2505 1635 2507 -

399 2535 617 2602 benivolentia
643 2537 677 2600 in
703 2533 938 2600 Celsitudinem
971 2533 1080 2615 Suam,
1112 2533 1319 2616 gratissimos
1344 2531 1532 2613 habuimus,

398 2643 586 2727 utendoque
602 2643 687 2708 circa
704 2643 764 2708 hoc
780 2643 845 2707 illis
862 2643 955 2708 bonis
973 2650 1004 2708 et
1020 2642 1157 2707 utilibus
1173 2641 1287 2719 verbis,
1305 2662 1368 2724 que
1384 2639 1539 2724 adpate·.

400 2749 584 2816 faciendum
600 2749 687 2816 hunc
703 2751 858 2834 optimum
874 2750 1016 2814 animum
1033 2755 1182 2814 nostrum
1200 2749 1352 2832 expedire
1364 2749 1531 2812 noveritis

507 2859 573 2924 Per
590 2859 719 2925 easdem
734 2859 862 2924 litteras
879 2865 1004 2924 vestras
1029 2857 1248 2922 intelleximus
1274 2858 1533 2940 requisitionem,

399 2989 497 3052 quam
524 2967 640 3047 dicitis,
665 2967 786 3034 factam
810 2967 911 3032 fuisse
937 2967 1066 3032 nomine
1093 2966 1210 3046 Tur00‚
1235 2965 1284 3030 illi
1309 2963 1530 3032 Serenissimo

399 3076 538 3140 Domino
568 3076 662 3160 Regi,
704 3075 743 3140 de
778 3075 1028 3140 salvoconducto
1060 3073 1265 3140 concedendo
1298 3073 1424 3138 duobus
1458 3074 1531 3158 ejus
1641 3063 1645 3075 ’

400 3182 607 3264 Oratoribus,
622 3205 683 3268 pro
699 3187 844 3249 tractatu
862 3185 951 3268 pacis
978 3189 1010 3246 et
1026 3182 1272 3266 denegationem
1288 3179 1408 3266 prefati
1423 3180 1532 3265 Regis

403 3295 435 3354 et
452 3297 512 3356 etc.
544 3290 591 3355 Et
607 3291 832 3357 commendata
848 3291 980 3357 solertia
996 3297 1105 3356 vestra
1121 3313 1179 3374 pro
1196 3290 1383 3375 hujusmodi
1400 3290 1532 3356 advisa·
1587 3315 1590 3321 ·

400 3398 498 3481 tione,
526 3398 671 3480 dicimus,
697 3393 800 3464 videri
827 3400 919 3464 nobis
935 3399 1147 3483 Majestatem
1164 3399 1264 3466 Suam
1280 3400 1458 3483 prudenter
1474 3398 1532 3464 de-

399 3505 564 3588 liberasse,
581 3513 613 3573 et
629 3508 746 3574 merito
758 3506 921 3592 judicasse
937 3507 1032 3589 idem,
1059 3507 1145 3590 quod
1161 3530 1219 3572 nos
1236 3507 1386 3572 continue
1399 3505 1531 3589 judica-

401 3616 510 3696 vimus,
534 3617 589 3698 qui
614 3638 672 3700 per
698 3615 841 3681 diversas
868 3617 936 3682 vias
955 3617 1082 3696 tentati,
1108 3621 1141 3680 et
1156 3615 1304 3699 requisiti
1321 3615 1361 3680 de
1377 3637 1459 3699 pace
1484 3615 1530 3680 ab

400 3723 513 3788 eodem
530 3723 646 3804 Tmou,
672 3729 705 3788 et
720 3745 780 3806 per
797 3724 880 3788 viam
897 3723 1097 3806 (lancellarij
1116 3725 1228 3808 Bajuli
1244 3725 1349 3789 nostri
1366 3722 1531 3788 Constan-

397 3831 552 3918 tinopolis
570 3853 654 3897 anno
671 3833 846 3916 superiore,
862 3837 975 3916 postea
991 3852 1049 3916 per
1065 3833 1149 3898 viam
1160 3830 1287 3914 Grecie,
1303 3838 1335 3896 et
1351 3832 1530 3914 impresen-

399 3939 521 4004 tiarum
537 3961 596 4022 per
611 3941 696 4006 viam
712 3937 866 4018 Albanie,
890 3945 922 4003 et
938 3961 997 4022 per
1007 3939 1149 4006 medium
1160 3938 1382 4022 Scanderbegi
1399 3959 1530 4020 semper
1575 4025 1580 4031 ο

395 4046 612 4128 judicavimus
623 4055 655 4113 et
662 4048 855 4132 judicamus,
866 4046 925 4112 has
937 4069 1006 4113 esse
1017 4054 1113 4130 artes,
1124 4054 1282 4114 etoautos
1293 4047 1406 4114 modos
1418 4047 1530 4130 Turci,

399 4176 463 4219 non
489 4153 644 4222 adfinem
661 4156 761 4240 pecie,
787 4155 843 4220 sed
860 4177 920 4239 pro
936 4157 1052 4221 melius
1069 4157 1298 4222 satisfaciendo
1315 4156 1443 4222 libidini
1460 4177 1528 4222 sue.

398 4262 443 4326 Et
469 4267 603 4347 semper,
629 4264 717 4348 quod
734 4262 823 4328 aliud
840 4267 998 4335 momenti,
1009 4264 1203 4330 haberemus
1220 4265 1253 4329 iu
1270 4265 1359 4330 dicta
1375 4266 1527 4343 materia,

400 4371 642 4454 queMajestati
659 4369 733 4454 Sue,
751 4377 783 4434 et
798 4370 892 4436 nobis
910 4374 1052 4437 comunis
1069 4380 1126 4453 est,
1142 4395 1214 4437 cum
1226 4372 1338 4437 eadem
1348 4370 1528 4455 Majestate

292 4483 295 4488 '
399 4477 584 4543 immediate
601 4480 920 4564 communicaremus,
954 4486 1100 4545 tenentes
1117 4462 1250 4547 indubie
1266 4479 1402 4546 eandem
1420 4478 1527 4562 Maje·

398 4591 515 4650 statem
532 4587 658 4652 ratione
674 4585 831 4674 predicta,
848 4607 927 4672 erga
942 4611 999 4654 nos
1016 4588 1097 4653 illud
1115 4589 1201 4654 idem
1218 4611 1287 4655 esse
1303 4588 1475 4654 facturam.
