3268 5308
373 372 414 430 92
726 385 961 432 orrnouaczmi
977 369 1143 428 unnnxux.

370 545 650 629 compositoribus
676 546 837 625 quomodo
852 553 1008 626 tanquam
1023 564 1074 606 res
1090 546 1220 605 nostras
1237 538 1278 602 ab
1295 559 1332 602 eo
1349 542 1497 618 tempore

371 674 472 736 usquo
489 653 531 718 ad
548 674 680 736 presens
688 652 828 735 juridice
838 672 1003 736 possessas
1014 651 1144 733 penitus
1163 652 1272 712 tencre
1288 643 1497 710 intendimus,

478 757 536 826 Ad
547 765 709 842 quartum.
726 759 993 826 Dominationem
1003 763 1147 824 nostram
1157 755 1198 822 ad
1210 751 1371 819 Civitates
1383 757 1416 816 et
1426 752 1501 816 loca

373 891 431 933 sua
457 869 623 934 Dalmatio
647 869 843 934 munitiones
868 869 993 934 misisse
1019 874 1052 932 et
1076 866 1209 930 mittere
1233 883 1293 945 pro
1319 860 1501 925 munitione

372 997 493 1055 eorum,
518 997 583 1040 non
599 996 730 1059 esseque
746 976 901 1059 possibile
918 977 964 1041 eis
980 975 1055 1039 inde
1071 969 1271 1052 satisfacere,
1286 990 1399 1034 verum
1417 969 1445 1032 si
1461 991 1503 1034 ex

372 1085 434 1150 hac
449 1089 562 1150 nostra
577 1081 791 1152 Venetiarum
808 1083 950 1150 Ciuitate
969 1083 1165 1148 munitiones
1181 1079 1309 1161 aliquas
1325 1076 1502 1142 extrahere

372 1193 541 1273 voluerint,
556 1192 676 1257 erimus
692 1193 844 1273 contenti,
861 1190 949 1274 quod
958 1210 1013 1255 eas
1024 1209 1131 1254 emere
1142 1194 1175 1252 et
1184 1184 1354 1252 extrahere
1364 1185 1502 1267 possint.

479 1299 663 1380 Postremo,
693 1299 734 1365 ab
761 1301 841 1382 ipsis
866 1297 1051 1364 oratoribus
1066 1300 1210 1379 petatur,
1235 1292 1322 1375 quod
1341 1290 1405 1356 due
1422 1291 1502 1356 ville

372 1407 563 1490 peripsum
592 1405 744 1472 Bannum
778 1413 932 1490 occupate
961 1403 1182 1489 jurisditionis
1213 1401 1356 1466 civitatis
1388 1405 1503 1464 nostre

372 1512 518 1592 Sibinioi,
542 1513 576 1577 in
592 1535 657 1580 una
673 1535 811 1597 quarum
830 1519 902 1579 erat
927 1511 1091 1595 quondam
1115 1510 1284 1576 castellum
1299 1531 1409 1588 unum,
1436 1526 1501 1588 quo

373 1619 475 1684 mults
491 1620 653 1684 novitates
673 1619 737 1702 ipsi
753 1619 879 1684 civitati
904 1623 1016 1683 nostre
1041 1615 1292 1696 inferrebantur,
1319 1613 1378 1679 sub
1409 1613 1501 1677 illius

368 1724 582 1810 jurisditione
608 1730 829 1808 permaneant,
863 1746 901 1788 ac
929 1724 1147 1789 restituantur
1172 1720 1359 1789 fidelissimo
1385 1726 1500 1786 nostro

372 1831 518 1916 Gaspari
533 1833 558 1898 J
560 1833 691 1914 urisich‚
708 1833 799 1917 cujus
815 1837 900 1898 sunt.

480 1940 618 2023 Insuper
656 1947 790 2025 petatur
823 1941 987 2006 restitutio
1012 1938 1163 2005 villarum
1193 1937 1373 2005 fidelissimi
1398 1941 1504 2004 nostri

371 2049 586 2114 Hemanuelis
599 2047 716 2130 Caloti,
733 2070 791 2131 per
807 2049 913 2132 ipsum
922 2048 1074 2112 Bannum
1090 2049 1124 2111 in
1142 2046 1251 2111 debite
1267 2051 1500 2130 occupatarum

480 2158 635 2222 Preterea
660 2162 792 2241 petatur
817 2157 977 2224 relaxatio
1003 2157 1207 2240 captivorum
1232 2156 1271 2220 de
1293 2153 1417 2238 Poliza,
1443 2177 1502 2238 per

370 2267 476 2348 ipsum
506 2265 659 2330 Bannum
689 2269 899 2350 retentorum,
929 2287 990 2349 pro
1022 2266 1269 2330 conservatione
1294 2263 1438 2328 amicitie
1465 2268 1500 2327 et

370 2371 452 2437 bone
468 2373 645 2438 vicinitatis
661 2378 779 2438 nostre.

479 2479 521 2561 ΔΓ
570 2485 631 2544 107
679 2517 723 2526 -
771 2487 789 2545 a
837 2521 880 2528 -
928 2488 954 2547 1.

477 2641 633 2698 (Velenczei
649 2645 829 2709 a'llamkdnyv
844 2651 886 2698 59.
900 2648 929 2704 l.)

908 3079 960 3139 63.

370 3235 470 3300 1461.
488 3233 516 3297 A
537 3237 685 3300 cclenczei
716 3237 932 3302 dllomtoudcc
958 3243 1146 3304 doldrozatc
1176 3237 1326 3303 Thomcsa'
1346 3261 1496 3324 mappar-

370 3342 498 3426 orszctqi
513 3343 617 3407 ledoetc
642 3344 760 3408 re'sac'rc
778 3367 798 3406 a
814 3345 902 3408 torol
917 3346 1046 3430 dyptico,
1073 3351 1205 3410 tart-cdo
1223 3347 1353 3432 Ma'tpcts
1370 3348 1498 3432 torcip-

601 3450 665 3513 nalc
681 3475 702 3515 a
725 3450 867 3515 tor-otta
892 3449 997 3517 betete
1015 3455 1088 3519 oold
1104 3455 1259 3540 ldpc'oc'tdl.

475 3643 730 3711 MOOOCLXI.
748 3647 800 3712 die
816 3646 956 3717 XXVI.
973 3647 1137 3717 Octobris.

477 3751 719 3837 Circumspecto
746 3760 779 3819 et
803 3757 955 3837 prudenti
980 3759 1049 3823 viro
1066 3757 1166 3823 Petro
1192 3755 1366 3824 Thomasis
1383 3757 1494 3826 Secre-

368 3863 453 3926 tario
470 3868 581 3928 nostro
597 3864 631 3927 in
651 3862 836 3946 Hungaria.

369 3968 690 4057 Saplesslilso‘lnssffil
708 3977 742 4037 ei
841 3991 893 4055 Ex
917 3993 978 4075 his,
1003 4015 1066 4080 quc
1090 4016 1194 4078 nuper
1219 3995 1261 4060 ad
1285 3995 1391 4061 nostri
1416 3996 1500 4059 noti·

463 4102 477 4137 ³
570 4085 593 4143 l·
613 4078 633 4142 f·
797 4101 880 4164 ciam
904 4109 1127 4185 pervenerunt,
1152 4103 1371 4169 intelleximus
1390 4103 1500 4186 Impe·

368 4209 511 4268 ratorcm
527 4204 741 4290 (turchorum,
758 4209 813 4290 qui
830 4229 902 4274 cum
918 4210 1063 4274 exercitu
1073 4231 1130 4274 suo
1146 4233 1231 4276 anno
1247 4213 1312 4277 isto
1328 4213 1362 4276 in
1379 4207 1496 4276 Asiam

370 4334 402 4376 sc
420 4313 565 4394 contulit,
581 4319 656 4396 post
681 4317 953 4398 expuguationem
978 4323 1011 4380 et
1035 4319 1285 4402 occupationem
1300 4318 1498 4384 Oastamene

369 4425 402 4484 et
419 4418 548 4504 Sinope,
565 4419 695 4504 fugasse
720 4424 819 4488 etiam
843 4423 1211 4511 Ussonum·Oassanum‚
1228 4426 1430 4510 subindeque
1448 4451 1499 4493 su-

369 4525 496 4609 begisse
513 4528 749 4612 Imperatorem
766 4531 978 4619 Trapesunde
994 4553 1089 4619 quem
1114 4556 1186 4601 cum
1211 4537 1336 4622 ingenti
1361 4557 1498 4604 numero
