3314 5300
340 413 404 480 390
693 429 928 476 urruousczmr
946 415 1112 478 suntuna.

338 591 382 658 ad
406 591 506 658 alium
532 592 638 658 locum
663 589 862 674 proximum;
886 589 1039 674 quoniam
1056 589 1162 676 Regia
1178 591 1338 676 Majestas
1356 598 1389 658 et
1406 613 1468 657 nos

338 699 490 773 similiter
506 701 707 765 mitteremus
726 697 884 764 Oratores
900 721 972 764 curn
989 699 1143 764 mandato
1161 699 1203 766 ad
1219 699 1326 767 locum
1342 701 1470 785 predic-

338 816 417 877 tum.
442 807 559 893 Nuper
576 814 684 874 autem
700 807 922 892 acceperimus
937 808 1067 874 litteras
1082 809 1124 874 ab
1141 809 1211 891 ipso
1227 808 1369 875 Domino
1386 809 1472 874 Leo·

338 916 452 1001 nardo,
478 918 596 1002 quibus
621 915 713 983 uobis
740 916 912 1001 significat,
938 914 1025 1000 quod
1040 915 1153 982 habito
1169 938 1322 1001 responso
1345 924 1470 998 nostro,

338 1026 473 1094 miserat
498 1025 646 1092 nuntium
671 1045 764 1092 suum
788 1023 831 1089 ad
855 1021 1117 1091 Flambularium
1131 1023 1262 1109 daniae,
1286 1047 1345 1110 per
1371 1048 1470 1110 quem

339 1133 401 1200 sihi
426 1133 540 1200 referri
565 1131 652 1216 fecit,
676 1137 834 1217 quantum
850 1132 938 1199 circa
954 1153 1022 1198 rem
1040 1133 1139 1199 istam
1155 1155 1175 1199 a
1191 1133 1284 1202 nobis
1299 1133 1471 1200 habuerat.

341 1240 735 1326 QuoqueFlambularius
752 1242 820 1325 ipse
836 1242 1050 1326 responderat
1067 1242 1129 1308 sibi
1144 1242 1250 1308 verbis
1261 1243 1470 1327 generalibus

340 1356 373 1416 et
388 1350 476 1436 quod
493 1350 616 1417 rediret
631 1371 689 1433 pro
707 1347 803 1416 factis
820 1350 895 1416 suis.
911 1350 965 1416 Ex
980 1349 1097 1434 quibus
1113 1349 1345 1435 comprehendi
1361 1351 1471 1434 potuit

341 1480 423 1540 eum,
439 1459 506 1525 sire
515 1458 692 1526 Dominum
710 1479 802 1524 suum
818 1479 883 1524 non
900 1479 968 1526 esse
985 1457 1180 1543 dispositum
1196 1459 1347 1528 mittendi
1357 1458 1471 1541 Ragn-
1554 1479 1556 1484 ·

341 1567 423 1633 sium
439 1565 636 1651 legationem
653 1563 762 1646 suam‚'
781 1565 821 1631 de
838 1564 957 1650 quibus
973 1566 1130 1648 omnibus,
1148 1574 1184 1632 ut
1200 1566 1352 1648 diximus
1368 1565 1467 1650 oilieij

339 1674 441 1742 nostri
459 1696 529 1740 esse
542 1673 798 1740 existimavimus
810 1671 1028 1740 Serenitatem
1039 1672 1139 1741 Suam
1150 1675 1311 1740 consciam
1321 1673 1472 1757 reddere,

341 1789 378 1850 ut
402 1783 442 1848 de
467 1784 616 1850 omnibus
641 1783 725 1849 siout
749 1804 817 1864 nos,
843 1782 962 1849 certior
977 1783 1053 1865 fiat;
1085 1783 1137 1849 cui
1154 1784 1253 1850 etiam
1268 1791 1381 1850 notum
1397 1805 1468 1849 esse

341 1891 496 1975 volumus,
514 1891 600 1976 quod
614 1891 763 1976 eligimus
773 1891 888 1958 horum
898 1889 1114 1977 capitaneum
1125 1898 1274 1959 nostrum
1284 1892 1473 1977 generalem

340 2002 450 2084 maris,
477 2022 584 2086 quem.
598 2021 671 2067 cum
687 1998 772 2066 bono
789 2021 923 2066 numero
939 1998 1106 2084 galearum
1122 2005 1156 2066 et
1172 2002 1302 2068 navium
1319 2001 1473 2085 expedire

343 2108 551 2190 solicitamus,
577 2114 614 2174 ut
629 2129 662 2174 se
679 2107 772 2173 unire
787 2108 889 2192 possit
905 2129 977 2173 cum
994 2106 1066 2192 alijs
1082 2107 1204 2174 viribus
1221 2107 1344 2176 Classis
1360 2115 1473 2174 nostre

339 2218 383 2286 ad
408 2217 592 2303 oppositum
617 2217 715 2302 hujus
740 2215 948 2301 perfidissimi
963 2215 1087 2300 hostis;
1119 2217 1320 2286 solicitamus
1336 2238 1473 2301 quoquc
1551 2222 1553 2226 '

340 2326 521 2393 instaurare
547 2329 630 2393 vires
647 2331 775 2391 nostras
790 2329 967 2390 terrestres
982 2323 1017 2389 in
1032 2323 1184 2408 partibus
1201 2322 1343 2394 Amoree
1361 2332 1395 2390 et
1405 2321 1475 2388 ‘Al-

338 2434 436 2500 banie
461 2435 551 2501 novis
576 2433 729 2518 gentibus
754 2433 926 2515 armigeris
952 2439 985 2498 et
1009 2432 1174 2517 peditibus
1198 2432 1242 2499 ad
1267 2433 1342 2500 illas
1358 2437 1475 2517 partes
1540 2475 1543 2478 -

341 2541 505 2608 mittendis
531 2548 564 2608 et
581 2541 621 2607 de
636 2541 711 2627 alijs
728 2537 969 2627 provisionibus
985 2541 1101 2622 facere,
1127 2563 1200 2607 cum
1217 2534 1420 2624 gravissimis
1439 2546 1474 2605 et

341 2647 585 2715 incredibilibus
610 2649 729 2715 nostris
754 2648 917 2733 impensis,
941 2654 978 2713 ut
1004 2671 1043 2714 ex
1058 2654 1153 2732 parte
1169 2654 1284 2716 nostra
1300 2647 1383 2713 nihil
1399 2670 1477 2731 pre·

340 2757 561 2823 termittamus
587 2779 698 2823 eorum
726 2758 880 2838 omnium,
904 2777 966 2840 que
984 2780 1004 2822 a
1020 2756 1113 2823 nobis
1129 2757 1201 2822 fieri
1217 2757 1351 2842 possint,
1376 2757 1479 2821 etita

342 2871 467 2948 quanto
493 2865 654 2948 possimus
680 2864 797 2948 studio,
827 2865 999 2930 hortamur
1024 2871 1058 2930 et
1082 2886 1234 2949 rogamus
1259 2863 1479 2948 Majestatem

342 2971 451 3056 Suam,
466 2975 554 3058 quod
571 2997 609 3040 ex
625 2975 727 3040 latere
742 2995 800 3040 suo
818 2972 927 3038 faciat.

451 3080 493 3164 ΔΓ
543 3087 602 3146 rar
656 3123 692 3134 -
745 3086 761 3146 1
813 3120 849 3130 -
900 3086 930 3146 o.

450 3244 605 3306 (Velenozei
619 3242 798 3308 ullanrkdnyv
812 3245 879 3294 Doo.
894 3243 930 3292 Π.
950 3246 1007 3293 135.
1022 3243 1051 3305 l.)
