3268 5308
639 339 733 411 1462.
1188 348 1249 415 127

122 513 280 583 Pontifici
298 521 439 586 maximo
456 521 625 588 reserenda
635 529 718 605 sunt,
734 527 934 609 consilioque
945 532 978 592 et
989 525 1126 593 arbitrio
1138 534 1250 593 nostro

122 627 327 708 remittenda,
344 630 471 710 agimus
489 631 588 694 etiam
604 631 664 696 hoc
680 632 713 696 in
729 633 800 696 loco
817 635 974 700 maximas
990 636 1114 718 gratias
1129 633 1251 720 Majes-

122 736 186 798 tati
202 734 267 800 Sue
295 757 355 818 pro
380 741 476 802 tanta
501 737 702 803 humanitate
728 747 762 805 et
786 739 957 807 affectione
973 743 1007 806 in
1024 764 1081 807 nos
1098 765 1167 821 sua,
1191 765 1251 808 nec

121 842 362 925 sapientissimo
389 845 523 909 consilio
550 869 608 912 suo
633 848 805 930 quicquam
821 848 899 914 addi
914 871 1007 934 posse
1032 850 1249 930 arbitramur3

122 950 233 1015 studia
258 956 372 1017 nostra
388 957 421 1016 et
437 954 597 1036 cogitatus
614 975 724 1018 omues
738 956 808 1039 jam
824 956 880 1020 diu
896 957 1010 1039 cupide
1026 959 1249 1039 convertimus,

121 1065 157 1122 ut
183 1059 402 1141 cohoperante
418 1059 500 1141 Deo,
526 1081 576 1125 res
600 1068 713 1126 sancte
739 1063 953 1145 expeditionis
969 1064 1099 1147 disponi
1115 1067 1250 1148 possint.

123 1165 273 1249 Cumque
298 1167 419 1231 litteris
437 1166 612 1251 Secretarij
639 1169 741 1234 nostri
761 1169 848 1252 apud
864 1169 1110 1236 Serenissimum
1126 1172 1251 1256 Regem

120 1275 300 1354 existentis
333 1273 553 1358 jampridem
580 1277 739 1341 certiores
764 1276 871 1341 effecti
897 1299 1036 1342 essemus
1068 1279 1108 1344 de
1142 1287 1251 1345 mente

120 1381 312 1465 Majestatis
324 1381 397 1463 Sue,
414 1382 518 1467 deque
535 1383 772 1449 conditionibus
788 1383 896 1467 Regni
913 1386 970 1468 sui,
987 1392 1020 1450 et
1035 1409 1093 1470 per
1109 1386 1249 1452 medium

121 1486 274 1554 Oratoris
291 1491 406 1554 summi
424 1489 594 1556 Pontificis
610 1492 697 1574 apud
713 1514 780 1572 nos,
797 1498 830 1556 et
844 1493 1068 1576 frequentibus
1082 1495 1203 1561 litteris
1218 1504 1251 1561 et

120 1597 258 1682 Nuntijs
275 1601 406 1679 nostris,
422 1601 613 1682 curavimus,
628 1600 773 1683 nihilque
789 1600 877 1685 apud
892 1603 1131 1668 Beatitudinem
1150 1604 1250 1670 Suam

120 1707 329 1788 ommisimus,
361 1715 396 1773 ut
420 1709 573 1791 periculis
599 1709 857 1791 christianorum,
882 1712 1117 1794 presertimque
1141 1733 1249 1777 rerum

120 1816 296 1901 Hungarie
328 1816 560 1882 occurrendum
587 1824 682 1882 esset.
714 1815 769 1883 Ab
794 1817 977 1884 Sanctitate
1003 1818 1070 1884 Sua
1095 1841 1250 1903 responsa

120 1926 247 2007 optima
263 1924 443 2006 habuimus,
459 1946 582 2007 nosque
592 1947 657 2008 ¹pro
675 1930 797 2007 quanto
814 1925 855 1990 ad
872 1928 1057 2009 generalem
1073 1928 1250 2010 expeditio-

120 2053 196 2096 nem
215 2033 367 2117 pertinet,
383 2033 605 2098 Beatitudinis
617 2032 689 2116 Sue,
706 2033 859 2116 quicquid
869 2034 902 2097 in
912 2034 1004 2098 nobis
1014 2039 1072 2114 est,
1088 2056 1206 2116 magno
1217 2041 1249 2098 et

119 2139 200 2204 sorti
221 2143 328 2206 animo
345 2141 431 2206 ultro
449 2141 633 2222 obtulimus,
659 2147 807 2224 gesturos
825 2148 973 2225 apertum
989 2142 1111 2208 bellum
1127 2149 1160 2206 et
1177 2163 1248 2205 cum

119 2247 231 2312 ualida
250 2249 353 2314 classe
370 2253 482 2314 nostra
497 2249 579 2312 nihil
596 2249 726 2313 omnino
744 2250 1018 2331 pretermissuroS,
1043 2256 1079 2313 ut
1096 2271 1159 2332 que
1175 2270 1248 2313 con-

118 2361 175 2420 tra
200 2357 326 2421 hostem
351 2356 495 2439 gerenda
512 2362 595 2439 sunt,
622 2355 760 2438 gloriose
777 2357 948 2440 complecti
963 2359 1096 2440 possint.
1122 2356 1249 2422 Scimus

118 2462 314 2527 Pontificem
330 2465 505 2528 maximum
521 2463 702 2529 studiosam
721 2485 854 2547 operam
866 2464 936 2547 jam
952 2463 1089 2547 dedisse,
1112 2470 1149 2528 ut
1164 2464 1250 2528 inter

119 2569 374 2654 imperatoriam
400 2572 610 2656 Majestatem
636 2577 668 2636 et
684 2570 825 2656 Regiam
843 2571 1060 2638 Serenitatem
1077 2571 1249 2655 Hungarie

119 2678 258 2761 inducie,
282 2700 338 2743 seu
362 2680 440 2744 belli
466 2701 554 2745 more
579 2678 801 2761 conficiantur,
828 2702 909 2763 quas
927 2678 1094 2772 Sanctitas
1111 2679 1188 2761 Sua,
1213 2685 1249 2743 ut

118 2785 213 2851 nobis
230 2808 334 2869 nuper
350 2788 488 2870 scripsit,
504 2809 568 2853 non
586 2786 716 2852 dubitat
730 2786 901 2852 habituras
911 2788 1106 2852 esselocum.
1123 2786 1248 2852 Scimus

118 2916 248 2977 quoque
259 2893 452 2960 Pontificem
467 2894 572 2978 ipsum
589 2917 662 2960 cum
680 2895 844 2959 nonnullis
860 2894 936 2977 alijs
952 2895 1079 2976 magnis
1095 2893 1248 2977 principi-

118 3002 178 3066 bus
196 3007 344 3067 sanctum
360 3002 422 3068 hoc
432 3025 512 3086 opus
523 3003 739 3086 expeditionis
749 3007 903 3083 tractare,
920 3001 1163 3085 disponereque.
1181 3002 1247 3066 Pro

118 3117 241 3193 quanto
267 3132 342 3176 vero
368 3111 410 3176 ad
426 3111 659 3194 particularem
676 3132 769 3194 opem
785 3117 818 3175 et
834 3111 1055 3194 pecuniarium
1071 3109 1249 3192 presidium

118 3219 332 3284 Serenissimo
341 3219 426 3302 Regi
442 3220 568 3284 interea
584 3217 812 3284 conferendum
829 3225 977 3301 spectare
993 3225 1113 3301 potest,
1129 3225 1167 3282 ut
1177 3219 1249 3282 hos·

117 3328 198 3391 tium
225 3329 381 3409 impetum
396 3326 572 3392 formidare
588 3349 652 3392 non
668 3327 797 3406 haheat,
823 3325 931 3410 cupidi
948 3327 1052 3392 omnis
1068 3325 1200 3392 honoris
1216 3333 1249 3392 et

118 3439 226 3501 status
245 3435 303 3515 sui,
319 3436 487 3518 preteritis
503 3436 553 3499 his
569 3435 682 3501 diebus
700 3434 1014 3500 commemorandum
1031 3434 1188 3517 duximus,
1216 3440 1248 3498 et

119 3564 177 3625 per
203 3543 332 3608 litteras
359 3544 545 3626 scripsimus
562 3543 711 3608 Romano
729 3541 889 3622 Pontifici,
914 3543 1131 3607 necessarium
1147 3542 1248 3606 videri

117 3650 220 3731 nobis,
239 3649 326 3732 quod
342 3652 430 3717 ultra
445 3652 582 3716 celerem
600 3652 786 3717 missionem
802 3651 835 3714 in
853 3650 1061 3734 Hungariam
1076 3649 1170 3715 unius
1186 3651 1249 3715 Le·

117 3758 186 3839 goti
212 3759 310 3822 etiam
335 3779 394 3842 per
418 3765 606 3842 potentatus
626 3759 733 3840 Italic,
759 3759 853 3842 juxta
878 3759 1163 3842 compartitionem
1189 3779 1247 3840 per

118 3861 217 3929 Suam
232 3865 481 3932 Beatitudinem
496 3865 688 3949 faciendam,
705 3867 908 3948 mensuatim,
925 3866 1127 3931 solverentur
1143 3888 1247 3949 usque

120 3971 160 4035 ad
177 3991 338 4037 summam
354 3972 429 4038 ΧΠ
444 3974 548 4040 millia
564 3976 775 4055 Ducatorum,
801 3995 873 4038 cum
890 3973 1009 4056 quibus
1025 3973 1059 4036 in
1076 3972 1249 4055 Hungaria

119 4079 279 4162 stipendio
291 4081 515 4164 acciperentur
526 4083 641 4147 saltem
653 4083 778 4166 equites
790 4081 842 4148 IV
850 4082 963 4161 millia,
974 4081 1028 4163 qui
1040 4101 1134 4164 opem
1144 4080 1248 4162 Regie

119 4186 288 4271 Majestati
300 4187 365 4254 Sue
382 4187 467 4254 serre
484 4197 623 4274 possent,
640 4195 741 4274 utque
752 4189 919 4255 Sanctitas
931 4188 998 4254 Sua
1010 4195 1167 4272 cerneret,
1184 4208 1248 4271 quo

119 4297 224 4360 animo
250 4295 285 4360 id
310 4299 579 4382 memorabamus,
604 4297 953 4382 quamquam-magma,
980 4297 1248 4379 gravissimisque

120 4407 266 4486 expensis
292 4427 435 4471 essemus
461 4407 611 4490 impliciti
636 4413 707 4472 tum
732 4407 765 4471 in
803 4406 905 4470 classe
936 4412 1048 4469 nostra
1077 4403 1248 4477 maritima,

120 4521 229 4580 eontra
255 4515 388 4598 Turcoa
415 4539 513 4599 quam
538 4516 633 4600 longe
658 4517 876 4600 potentiorem
904 4514 1001 4579 solito
1026 4514 1246 4599 instruximus,
