3292 5310
654 349 746 413 1459.
1223 349 1260 408 57

145 527 288 605 tempora
304 523 405 588 videri
422 530 454 588 et
470 527 618 608 cognosci
636 529 752 610 potuit,
777 527 947 591 dileximus
973 548 1097 609 semper
1113 504 1270 609 Magnifi-x

144 633 262 696 centias
279 654 362 714 suas,
379 635 460 698 etin
476 633 625 698 omnibus
642 636 906 701 concernentibus
917 634 1072 700 honorem
1085 640 1117 698 et
1129 635 1265 700 comoda

143 761 209 818 sua,
234 745 336 804 eoset
353 729 474 806 statum
490 762 610 822 eorum,
636 749 773 825 paterna
798 744 935 809 caritate
960 742 1119 826 complexi
1145 765 1264 822 sumus,

143 847 299 928 quomodo
325 869 435 913 omnes
451 848 617 914 benivolos
644 856 676 914 et
700 851 821 916 amicos
842 849 908 916 Sue
925 848 1118 916 Serenitatis
1136 855 1264 915 nostros

141 954 291 1038 proprios
307 975 432 1039 semper
447 964 598 1040 reputare
614 958 820 1022 intendimus.

246 1063 298 1128 De
314 1064 476 1148 Raguseis
503 1084 633 1146 quoque
649 1064 801 1130 dicimus:
828 1065 917 1150 quod
941 1070 1039 1148 prout
1061 1065 1265 1131 notissimum

141 1177 196 1252 est,
212 1192 339 1254 semper
356 1191 409 1236 eos
425 1171 506 1238 bene
522 1172 660 1236 vidimus
677 1178 709 1237 et
724 1173 947 1253 tractavimus,
971 1179 1005 1238 et
1020 1173 1054 1237 in
1071 1170 1264 1238 mercaturis

141 1285 173 1343 11
188 1280 386 1364 commertijs
403 1281 478 1362 suis,
501 1301 563 1362 que
579 1286 648 1345 tam
664 1281 725 1361 hio,
751 1303 849 1364 quam
864 1281 898 1344 in
915 1280 991 1365 alijs
1006 1280 1103 1346 terris
1128 1285 1162 1344 11
1186 1280 1264 1345 locis

140 1390 261 1452 nostris
278 1388 463 1478 habuerunt
484 1395 515 1454 et
531 1390 663 1470 habent,
680 1412 806 1474 semper
822 1391 903 1456 bene
919 1395 951 1456 et
963 1389 1138 1456 affectuose
1155 1389 1214 1454 visi
1234 1393 1267 1451 et

140 1496 284 1579 expediti
301 1501 383 1578 sunt,
400 1497 494 1566 etita
520 1498 618 1562 etiam
642 1497 762 1562 intuitu
780 1496 884 1580 Regie
909 1495 1098 1580 Majestatis
1123 1494 1156 1558 in
1180 1495 1265 1561 sutu-

139 1625 210 1668 rum
226 1604 369 1670 libenter
385 1604 503 1670 facturi
520 1625 637 1670 sumus,

247 1711 398 1795 Denique
409 1713 495 1780 circa
514 1711 635 1778 factum
646 1711 817 1795 Magnifi'oi
835 1709 1088 1793 Scanderbeghi,
1103 1710 1265 1776 intellexi-

138 1840 207 1883 mus
225 1825 384 1902 quantum
404 1818 468 1885 Sue
488 1817 528 1885 R.
540 1819 579 1884 P.
591 1826 624 1884 et
634 1819 885 1903 Magnificencia
901 1817 994 1883 nobis
1015 1817 1211 1896 detulerunt,
1233 1824 1265 1883 et

138 1926 268 2010 quidem
279 1933 376 2010 prout
387 1928 534 1993 omnibus
550 1928 758 1994 manifestum
775 1933 833 2008 est,
849 1927 1020 1992 dileximus
1038 1946 1165 2009 semper
1181 1949 1265 2007 eum,

139 2043 170 2098 et
184 2035 217 2098 in
236 2033 516 2118 oportunitatibus
534 2037 600 2100 suis
617 2036 753 2101 favimus
779 2056 905 2118 semper
922 2033 984 2098 sibi
1001 2055 1039 2098 ao
1065 2032 1181 2098 honori
1207 2056 1265 2099 suo

138 2147 171 2206 et
186 2143 274 2208 bone
292 2144 525 2208 conservationi
541 2145 591 2208 sui
617 2149 732 2224 status,
758 2143 918 2228 quomodo
944 2165 983 2208 ex
1009 2141 1104 2206 terris
1128 2147 1161 2206 et
1186 2142 1266 2206 loois

139 2249 261 2316 nostris
278 2250 340 2315 sibi
356 2248 509 2330 finitimis,
525 2256 562 2314 ut
577 2250 658 2315 bene
676 2253 744 2334 scit,
765 2251 921 2317 honorem
938 2253 971 2315 et
987 2248 1123 2314 comoda
1139 2267 1266 2330 semper

139 2357 283 2441 suscepit
309 2358 414 2422 etita
440 2355 619 2422 infuturum
656 2355 775 2422 facturi
801 2379 919 2423 sumus.
964 2357 1063 2438 Sique
1089 2352 1265 2437 aliquando

139 2467 253 2550 aliqua
269 2463 454 2530 differentia
469 2465 554 2529 inter
571 2487 628 2530 nos
645 2465 830 2544 occurrerit,
858 2484 923 2527 non
939 2463 1069 2546 quidem
1085 2461 1154 2527 ulla
1170 2461 1266 2544 culpa

139 2596 193 2639 seu
209 2573 342 2638 defectu
367 2579 487 2652 nostro,
514 2573 710 2654 quesivimus
736 2591 862 2654 semper
882 2592 952 2635 eam
969 2571 1126 2653 perviam
1144 2569 1265 2653 quietis

139 2688 169 2747 et
192 2680 438 2763 tranquilitatis
464 2701 663 2763 componere,
689 2680 774 2744 siout
799 2677 897 2743 etiam
913 2700 1015 2761 nuper
1032 2677 1144 2756 evenit,
1169 2683 1202 2741 11
1218 2678 1265 2741 ita

138 2811 195 2870 pro
221 2795 348 2872 quanto
374 2809 499 2871 semper
525 2789 558 2852 11
583 2788 678 2853 nobis
696 2788 775 2852 erit:
802 2787 836 2851 in
859 2785 1130 2869 complacentiam
1146 2783 1265 2867 prefati

139 2895 346 2962 Serenissimi
361 2896 463 2978 Regis
479 2900 630 2980 prompto
648 2897 755 2962 animo
772 2897 807 2960 in
823 2901 989 2978 posterum
1004 2892 1166 2957 faciemus.

245 3005 294 3071 Et
308 3003 497 3088 justificitur
514 3010 546 3070 et
561 3005 762 3082 honestatur,
788 3004 814 3068 si
831 3003 879 3066 ita
900 3022 982 3085 opus
1008 2999 1079 3078 erit,
1104 3000 1164 3064 hec
1189 2998 1266 3067 deli-

138 3111 269 3178 beratio
293 3117 407 3176 nostra
433 3134 505 3177 cum
531 3111 686 3195 predictis
713 3118 745 3176 et
771 3110 843 3194 alijs
871 3109 965 3174 bonis
991 3113 1024 3174 et
1049 3107 1266 3174 accomodatis
1334 3115 1348 3125 “

138 3220 243 3285 verbis
272 3226 305 3284 et
330 3222 364 3284 in
380 3220 537 3303 omnibus,
554 3241 618 3302 que
635 3218 781 3304 Collegio
797 3218 999 3284 videbuntur.

247 3328 410 3410 Departe
496 3331 569 3393 145.

246 3437 300 3502 De
316 3458 382 3500 non
473 3473 515 3482 -
540 3441 569 3500 0.

246 3544 325 3610 Non
342 3543 457 3608 sinceri
475 3581 517 3590 -
543 3549 570 3607 2.

248 3707 407 3770 (Velenczei
428 3705 631 3756 Deliberationi
652 3704 696 3754 del
719 3702 820 3754 Senato
842 3706 947 3754 secreto
972 3699 1266 3753 1453-14aa.allam-

139 3795 233 3860 kdnyv
250 3801 310 3848 186.
323 3797 389 3859 lap.)
