3256 5304
360 348 424 410 200
711 359 947 404 orrnonnczmr
963 343 1131 400 nunnunn.
1251 350 1254 354 ’

360 522 533 588 Oratorem
559 525 705 584 nostrum
730 519 771 582 ad
797 518 903 599 ipsum
930 514 1181 582 Sereuissimum
1207 511 1331 592 Regem
1358 506 1486 596 expedi·

361 629 427 696 turi
444 649 561 695 sumus.

473 752 603 820 Similes
620 751 747 820 Ser-mo
763 749 848 834 Regi
865 747 1004 814 Polonie

539 886 554 920 s
612 859 742 926 Ser-mo
759 857 845 940 Regi
860 855 1034 938 Hungarie
1115 853 1250 922 mutatis
1271 849 1435 917 mutandis

543 994 557 1028 s
618 967 745 1034 Ser-mo
763 966 848 1031 Duri
865 965 1007 1030 Bavarie

473 1076 514 1160 ΔΓ
564 1081 626 1141 ue
676 1116 712 1126 -
763 1077 784 1137 4
834 1111 869 1122 -
923 1076 950 1135 1.

473 1238 629 1302 (Velenezei
642 1236 822 1300 ellamkenyv
836 1237 903 1284 Doe.
917 1235 970 1282 111.
988 1236 1045 1282 145.
1060 1234 1089 1294 t)

853 1431 1010 1439 ——--.-—-—-

902 1667 970 1727 lae.

379 1829 471 1893 1463.
500 1825 527 1889 Α
545 1827 697 1891 oelenrzei
715 1828 936 1892 (illamtana‘cs
954 1826 1253 1912 Mayyarorsqubu
1280 1823 1376 1888 baldi
1393 1823 1495 1908 Aymo

375 1937 480 2001 Jdnos
496 1934 684 2000 retentura·
700 1935 819 2000 kbvete't
837 1959 859 1998 a
885 1935 977 1998 to'rdlr
1003 1934 1098 1998 elleni
1123 1934 1282 2017 bndjcirat
1308 1931 1498 2018 tdrgyddaa.
1616 1943 1619 1986 ὲ

373 2127 668 2198 MCOOCLXIII.
685 2128 738 2194 die
755 2128 894 2198 XVIII.
912 2125 1047 2212 Aprilis.

482 2235 579 2322 Quod
604 2235 663 2302 fiat
688 2237 872 2303 commissio
898 2239 967 2300 viro
994 2234 1096 2303 nobili
1121 2233 1245 2300 Joanni
1269 2234 1387 2320 Aymo¹
1413 2235 1501 2300 ituro

373 2345 509 2413 Oratori
525 2352 639 2412 nostro
655 2345 690 2408 in
707 2344 927 2427 Hungariam,
944 2345 978 2407 in
993 2343 1055 2408 hae
1072 2342 1193 2408 forma:

375 2506 377 2517 .
482 2451 559 2526 Nos
571 2453 828 2537 Obristophorus
845 2453 973 2532 Mauro,
990 2448 1055 2516 Dei
1072 2452 1182 2534 gratia
1198 2449 1275 2515 Dux
1286 2452 1502 2520 Venetinrum
1580 2467 1582 2469 ’

374 2567 434 2625 ete.
460 2558 703 2626 Committimus
729 2561 789 2625 tibi
816 2560 919 2626 nobili
935 2560 1005 2627 viro
1022 2558 1145 2624 Joanni
1161 2555 1279 2642 Aymo‚
1294 2557 1415 2626 dilecto
1440 2561 1503 2626 oiri

375 2673 495 2746 nostro,
513 2666 600 2750 quod
616 2667 717 2730 vadas
742 2667 1041 2733 honorandissimus
1058 2662 1179 2730 Orator
1204 2672 1315 2732 noster
1340 2667 1383 2731 ad
1410 2666 1503 2732 Sere·

374 2775 543 2840 nissimum
558 2774 684 2858 Regem
694 2760 877 2858 Hungarie‚
894 2773 1086 2841 solicitando
1103 2776 1166 2839 iter
1176 2781 1266 2840 tuum
1285 2782 1410 2857 quanta
1421 2775 1503 2842 eele-

374 2886 474 2951 ritate
491 2885 612 2967 poteris
629 2905 741 2948 versus
752 2883 891 2966 Rodum,
903 2890 960 2949 aut
976 2883 1018 2948 ad
1034 2881 1126 2946 illum
1137 2882 1253 2966 locum,
1268 2883 1325 2947 ubi
1337 2884 1503 2966 intelliges
1519 2872 1522 2878 ¹

376 2993 588 3077 Majestatem
605 2991 704 3058 Suam
721 3015 753 3058 se
769 2994 922 3076 reperire,
932 2999 968 3056 ut
979 2992 1078 3057 solita
1087 2990 1263 3074 prudentia
1280 2999 1313 3056 et
1331 2991 1503 3075 diligentia

377 3106 434 3163 tua
452 3101 567 3183 exequi
581 3103 687 3183 possis
704 3102 764 3166 heo
779 3106 812 3166 et
828 3100 893 3165 alia
909 3106 1023 3166 nostra
1048 3098 1211 3180 mandata,
1237 3100 1320 3164 sieut
1348 3119 1407 3182 per
1433 3121 1506 3166 eon-

378 3205 517 3270 ditiones
533 3227 642 3270 rerum
659 3213 691 3271 et
707 3213 887 3290 temporum
904 3206 1056 3290 expedire
1076 3207 1266 3273 noverimus.

485 3311 625 3396 Quando
661 3315 767 3381 adibis
792 3317 990 3400 presentiam
1015 3314 1119 3397 Regie
1146 3311 1178 3378 S.
1204 3314 1387 3399 Hungarie‚
1418 3320 1507 3398 post·
1617 3289 1618 3294 ἵ

381 3440 481 3502 quam
499 3420 561 3486 sibi
578 3422 738 3488 exibueris
748 3425 883 3504 litteras
900 3429 1029 3490 nostras
1045 3421 1267 3506 credentiales,
1278 3423 1338 3488 tibi
1353 3422 1507 3503 traditae,

378 3532 552 3611 postquam
569 3529 674 3595 laetas
691 3551 850 3614 congruas
870 3531 1096 3612 salutationes,
1122 3530 1304 3596 oblationes
1322 3531 1441 3597 atalia
1457 3553 1509 3614 ge-

379 3636 513 3718 neralia,
531 3637 614 3702 siout
631 3637 823 3704 decoriSue
839 3640 1030 3723 Majestatis
1048 3643 1080 3702 et
1096 3644 1207 3704 nostro
1231 3639 1399 3704 convenire
1414 3647 1509 3704 nove·
1568 3643 1572 3648 “

378 3743 433 3822 ris,
450 3745 580 3810 nomine
596 3751 710 3811 nostro
727 3747 868 3812 referes:
886 3747 975 3830 quod
991 3745 1112 3810 litteris
1128 3745 1221 3810 Petri
1239 3745 1419 3828 Thomasii‚
1436 3745 1508 3812 Oir-

380 3854 558 3936 eumspeeti
576 3851 755 3920 Secretarii
771 3856 882 3935 nostri,
902 3854 1015 3919 diebus
1042 3851 1264 3936 superioribus
1281 3853 1374 3918 nobis
1401 3854 1509 3923 reddi·

379 3959 430 4041 tis,
455 3961 535 4026 faeti
561 3962 678 4028 fuimus
706 3964 863 4026 certiores
889 3962 929 4026 de
954 3961 1163 4044 magnanima
1188 3961 1422 4028 deliberatione
1436 3985 1509 4028 sua

379 4068 483 4153 Regie
500 4069 688 4153 Majestatis
705 4067 910 4134 coadunandi
930 4069 1108 4134 exereitum
1124 4090 1226 4153 suum,
1252 4069 1457 4152 exeundique
1474 4071 1508 4135 in

380 4181 488 4244 eastra
504 4177 660 4242 adversus
677 4178 786 4242 hostes
812 4176 897 4258 fidei,
924 4177 1155 4258 quamquidem
1181 4177 1340 4258 optimam
1366 4177 1509 4260 desposi-

381 4285 510 4367 tionem,
527 4284 766 4367 catolieumque
782 4286 986 4368 propositum
1003 4277 1196 4350 serenitatis
1217 4283 1282 4350 Sue
1298 4289 1331 4349 et
1346 4285 1374 4348 si
1390 4306 1509 4349 novum
1592 4333 1595 4340 .
1617 4297 1619 4306 ³

381 4393 473 4459 nobis
490 4415 554 4458 non
570 4392 677 4474 fuerit,
694 4394 748 4474 qui
766 4386 888 4458 dudum
904 4393 1015 4458 multis
1031 4414 1139 4458 rerum
1159 4395 1388 4476 preteritarum
1414 4414 1508 4476 expe·

384 4501 532 4565 rimeutis
549 4501 583 4564 id
600 4501 695 4586 plene
711 4503 928 4586 eognovimus²
945 4507 1055 4570 tamen
1072 4503 1255 4586 gratissime
1281 4501 1510 4573 intelleximus,
