3256 5304
713 381 948 429 oreuounenrnr
966 359 1132 428 iturissae.

893 728 963 788 llil.

367 892 465 954 1463.
493 887 522 951 Α
546 888 700 954 selenae·
727 888 945 952 dllornlooa'ra
968 890 1160 952 baldrozalo
1191 885 1301 950 Islvdn
1320 882 1496 970 fejedelem

359 997 477 1078 fidnalr
515 997 695 1061 Ldrzldnolo
728 997 848 1060 bdoelei
874 997 959 1059 dllal
985 1008 1038 1059 tell
1066 994 1326 1078 ellllerjeazle‘adre
1346 1017 1366 1056 a
1384 993 1498 1056 braaei

601 1105 696 1188 eripui
713 1105 745 1166 da
760 1126 779 1165 a
805 1104 956 1166 velenczei
981 1105 1041 1166 bda
1060 1102 1253 1188 tdrpyddan.

362 1297 657 1365 MOOOCLXHI.
675 1297 727 1364 die
744 1296 849 1364 XIII.
867 1295 1030 1364 Octobris,

469 1405 567 1490 Quod
584 1407 815 1490 spectabilibus
840 1405 1027 1472 oratoribus
1043 1405 1264 1472 Illustrissimi
1283 1405 1406 1470 domini
1432 1404 1500 1468 La·

363 1511 458 1578 dislai
483 1512 541 1578 filii
568 1513 689 1582 domini
714 1514 816 1580 Ducis
843 1514 1009 1598 Stephani.
1037 1516 1091 1596 qui
1128 1535 1233 1596 nuper
1262 1520 1420 1578 venerunt
1454 1513 1499 1577 ad

362 1626 508 1686 nostram
524 1623 729 1705 presentiam,
745 1629 778 1687 et
793 1624 890 1688 rebus
906 1621 1043 1688 Bossine
1059 1629 1093 1686 et
1108 1623 1142 1685 in
1152 1621 1239 1686 lacto
1250 1621 1355 1685 insule
1373 1621 1494 1698 Braze,

364 1750 460 1811 quarn
479 1727 629 1794 dominus
647 1749 723 1793 suus
740 1729 823 1810 petit
846 1749 906 1812 per
922 1752 981 1794 nos
1007 1728 1069 1793 sibi
1096 1729 1239 1810 concedi,
1267 1735 1301 1794 et
1328 1729 1415 1792 circa
1441 1727 1503 1792 do-

365 1856 461 1914 mum,
478 1857 575 1919 quarn
594 1837 646 1900 hio
662 1837 812 1904 Venetiis
827 1859 888 1920 pro
905 1838 1084 1905 residentia
1098 1837 1230 1916 domini,
1248 1837 1433 1902 retulerunt
1449 1856 1504 1916 ea,

321 1943 329 1954 “
369 1965 431 2026 que
447 1945 499 2008 isti
515 1941 658 2011 Consilio
676 1955 754 2009 nota
772 1953 855 2026 sunt,
875 1946 1129 2029 respondeatur:

473 2050 569 2136 Quod
587 2053 771 2135 gratissime
789 2053 1018 2132 intelleximus,
1036 2059 1194 2136 quantum
1211 2053 1272 2135 ipsi
1290 2051 1502 2135 spectabiles

367 2159 526 2227 Oratores
542 2159 634 2225 nobis
659 2168 878 2244 exposuerunt
902 2169 996 2245 parte
1023 2161 1244 2225 illustrissimi
1270 2160 1402 2224 Domini
1430 2158 1505 2238 Sui,

367 2268 525 2332 carissimi
543 2267 656 2331 lratris
674 2269 785 2347 nostri,
816 2269 905 2351 cujus
922 2276 1015 2332 extra
1033 2289 1097 2349 quo
1114 2269 1216 2349 magis
1242 2288 1421 2350 possumus,
1446 2289 1504 2331 re·

368 2377 549 2457 gratiamur
575 2397 634 2458 pro
660 2375 900 2440 humanissimis
927 2375 1033 2440 verbis
1059 2383 1092 2439 et
1117 2375 1335 2440 oblationibus
1362 2376 1437 2455 suis,
1462 2383 1503 2438 ct

364 2503 424 2563 pro
442 2481 502 2562 his,
519 2503 582 2564 que
599 2483 845 2548 commemorari
861 2484 954 2548 nobis
979 2483 1056 2548 fecit
1081 2482 1121 2546 de
1148 2479 1355 2564 suscipienda
1380 2483 1503 2565 impre-

366 2589 415 2652 sia
430 2587 540 2670 Regni
556 2589 702 2672 Bossine,
719 2597 752 2654 et
768 2591 1001 2674 respondentes
1018 2590 1164 2673 dicimus,
1192 2589 1280 2671 quod
1306 2611 1366 2672 pro
1392 2589 1505 2654 multa

365 2692 540 2760 allectione
565 2703 598 2761 et
623 2719 735 2762 amore
760 2705 874 2764 nostro
900 2700 935 2764 in
961 2700 1227 2763 Dominalionem
1255 2696 1354 2762 Suam
1375 2702 1508 2776 sumus,

366 2824 556 2888 semperque
589 2807 710 2870 erimus
727 2828 925 2891 magnopere
946 2807 1056 2890 cupidi
1073 2809 1176 2896 omnis
1193 2807 1325 2872 honoris
1336 2813 1368 2870 et
1384 2806 1507 2888 ampli-

366 2913 489 2978 tudinis
507 2915 557 2978 sui
575 2919 697 2994 status3
715 2915 772 2980 aed
789 2917 871 2980 sicut
888 2916 1023 2982 diversis
1039 2917 1144 2981 modis
1160 2914 1310 2997 habetur,
1328 2914 1508 2980 Sereuissi-

369 3041 440 3086 mus
471 3020 545 3086 Rex
570 3021 742 3104 Hungarie
765 3024 834 3106 jam
868 3024 961 3089 bonis
993 3023 1107 3088 diebus
1136 3024 1281 3106 suscepit
1312 3023 1507 3106 impresiam

317 3159 319 3166 ·
368 3130 514 3208 Bossine,
540 3130 572 3192 in
589 3151 688 3211 quam
713 3136 826 3212 gentes
852 3153 907 3195 sue
923 3137 1075 3215 potenter
1095 3133 1240 3213 ingresse
1259 3137 1344 3210 sunt,
1360 3136 1394 3194 et
1409 3130 1500 3196 sicut

368 3237 448 3302 lacti
473 3257 584 3301 sumus
601 3239 766 3321 certiores,
792 3239 1003 3304 obtinuerunt
1017 3238 1042 3302 J
1044 3241 1170 3321 eiciam,
1197 3245 1355 3321 erantque
1371 3240 1405 3302 iu
1423 3260 1504 3321 pro·

367 3349 476 3411 cinctu
510 3346 677 3411 obtinendi
712 3350 883 3432 reliquum,
908 3348 1044 3432 ideoque
1080 3356 1253 3433 postquam
1279 3368 1332 3438 res
1357 3348 1504 3414 Bossine

367 3456 415 3518 its
433 3454 626 3520 succedunt:
653 3475 716 3520 non
733 3457 861 3522 videtur
886 3458 979 3523 nobis
1005 3479 1086 3540 opus
1112 3478 1182 3522 esse
1210 3457 1241 3520 in
1269 3457 1334 3521 ista
1361 3456 1504 3520 materia

373 3563 462 3626 aliud
482 3560 662 3645 dicendum,
680 3568 711 3628 in
730 3588 794 3647 qua
810 3565 972 3630 stantibus
989 3567 1137 3628 terminis
1163 3585 1227 3628 non
1253 3562 1382 3628 ridetur
1407 3561 1507 3628 nobis

369 3669 465 3734 aliter
482 3692 541 3735 nos
560 3671 727 3753 impedire.

478 3777 574 3843 Circa
589 3786 716 3862 partem
732 3777 838 3845 insule
856 3779 972 3861 Brace,
990 3799 1086 3861 quam
1103 3783 1227 3862 petunt,
1256 3776 1400 3856 dicimus,
1416 3775 1507 3859 quod

371 3907 483 3951 sumus
511 3888 635 3952 sincere
662 3886 773 3951 allecti
799 3886 1031 3952 illustrissimo
1057 3884 1198 3951 Domino
1224 3907 1292 3966 suo,
1318 3886 1369 3950 cui
1394 3883 1507 3967 cupidi

375 4018 486 4060 sumus
504 3997 536 4059 in
554 3997 678 4060 cunctis
705 3994 917 4078 possibilibus
942 3994 1163 4078 complacere3
1189 3993 1245 4058 sed
1271 3994 1431 4060 avisamus
1446 3989 1507 4076 Sp.

375 4106 469 4185 Siras,
497 4106 582 4187 quod
612 4105 741 4187 spuendo
769 4101 876 4168 insula.
901 4104 956 4168 illa
975 4102 1033 4170 sub
1061 4101 1203 4169 dominio
1220 4109 1331 4168 nostro
1348 4100 1508 4184 persenit,

373 4215 597 4295 promissimus
623 4234 681 4296 per
708 4217 856 4295 patentes
881 4212 1021 4294 litteras,
1047 4216 1079 4274 et
1103 4212 1275 4293 privilegia
1301 4216 1413 4274 nostra
1430 4232 1509 4274 oon-

370 4341 512 4403 servare,
529 4330 561 4385 et
577 4331 688 4388 tenere
715 4322 789 4385 illos
816 4320 963 4385 subditos
989 4327 1127 4403 nostroe,
1144 4343 1202 4384 nec
1219 4341 1274 4384 eos
1291 4342 1311 4384 a
1327 4319 1420 4384 nobis
1445 4319 1509 4382 ali·

371 4431 517 4512 qualiter
535 4432 688 4511 alienare,
705 4434 737 4494 et
762 4431 811 4493 ita
828 4427 964 4509 obligati
983 4434 1013 4492 et
1030 4429 1157 4493 astricti
1184 4447 1292 4492 sumus
1317 4427 1426 4493 lacere
1446 4447 1509 4509 per

367 4537 455 4621 leges
475 4543 508 4601 et
527 4537 660 4601 ordines
678 4543 816 4613 nostros,
844 4532 960 4617 quibus
977 4538 1204 4601 contravenire
1228 4557 1292 4599 nou
1317 4552 1510 4618 possumus3
