3268 5308
645 306 739 384 isso.
1217 310 1257 382 ta

129 492 224 561 tenus
238 497 428 579 tempestive
443 495 613 579 provideat
627 495 733 578 ipsum
750 493 902 561 Castrum
919 495 959 561 de
977 496 1123 561 omnibus
1149 516 1257 560 neccs-

129 603 237 681 sariis,
253 602 369 684 quibus
384 601 518 685 indiget,
534 603 611 685 quia
627 603 820 668 victualibus
837 603 976 668 multum
993 608 1083 668 caret
1100 608 1133 668 et
1143 609 1257 684 gentes

127 711 161 774 in
177 731 216 774 eo
232 709 371 774 maxime
388 708 541 774 deficiunt
555 714 692 793 propter
709 711 887 774 carentiam
902 711 1120 792 pecuniarum.
1138 709 1258 774 Cetera

126 818 180 892 his
196 817 293 880 homo
310 838 399 880 meus
415 815 502 881 dicet
517 815 718 882 Paternitati
735 815 865 896 Vestro,
881 817 932 882 cui
949 837 1102 897 rogamus
1119 836 1177 899 per
1194 817 1257 880 sin-

130 925 210 1007 gula
235 925 331 988 fidem
359 923 516 991 adhiberi.
546 924 672 989 Datum
688 926 722 988 in
737 924 952 990 Nandcralba
968 922 1093 990 Sabato
1110 925 1257 1007 proximo

127 1039 206 1096 ante
224 1032 431 1096 Dominicam
447 1031 587 1096 Cantate
599 1029 719 1115 (majus
736 1031 772 1116 4)
788 1030 1020 1097 MCCCCXL.
1031 1037 1064 1098 et
1074 1031 1183 1114 vigilet
1199 1053 1259 1096 sua

127 1138 300 1204 Serenitas
316 1138 404 1202 circa
421 1136 585 1203 Sirimium
601 1146 634 1203 et
650 1139 786 1220 Valcko,
811 1161 851 1203 ne
867 1139 1053 1203 devastetur
1073 1159 1132 1221 per
1158 1139 1256 1220 ipsos.

555 1245 667 1312 Simon
682 1248 825 1328 Magnus
841 1246 954 1311 Banus
970 1245 1213 1310 Machouiensis

603 1361 636 1420 et
652 1354 853 1438 Capitaneus
870 1353 1160 1423 Nandcralbensis.

238 1482 367 1544 (Milanoi
381 1483 465 1532 anm
478 1483 555 1544 nir)

619 1624 777 1634 ---——-

671 1827 722 1888 51.

1 1969 2 2004 ³
128 1990 228 2052 1460.
254 1987 347 2073 Effer.
375 1987 522 2074 Seilcqyi
547 1987 678 2069 Mibdly
707 2009 728 2047 a
749 1985 858 2072 princi
883 1987 997 2050 taceret
1024 1983 1167 2050 Saendrb
1185 1978 1259 2066 fclc'

149 2095 378 2159 lemenetelc'rb'l
395 2095 555 2178 taddsitja
572 2097 604 2158 du
621 2093 744 2180 nimely
758 2095 862 2179 ttgyclc
877 2095 1111 2180 ta'rqyalcisdra
1132 2094 1235 2176 bivja.

237 2289 522 2355 Reverendissimo
557 2291 590 2355 in
617 2289 751 2355 Christo
777 2291 864 2373 patri
890 2297 923 2355 et
949 2289 1090 2354 Domino
1115 2289 1258 2353 Domino

1 2411 2 2496 ζ
126 2397 256 2462 Joanni
281 2395 448 2462 Cardinali
474 2395 587 2462 Sancti
613 2395 745 2480 Angeli,
779 2397 970 2480 Apostolicc
995 2395 1089 2461 Sedis
1115 2396 1254 2480 Legato,

126 2504 273 2568 Domino
291 2510 323 2568 et
338 2505 427 2588 patri
444 2512 556 2570 nostro
576 2505 776 2570 honorando.

237 2611 517 2702 Reverendissime
533 2615 567 2677 in
584 2611 715 2678 Christo
732 2613 832 2679 Pater
851 2619 883 2676 et
899 2610 987 2677 D·ne
1007 2610 1143 2678 acD·ne
1154 2611 1258 2676 Pater

1 2715 3 2786 ἰ
126 2727 240 2785 noster
261 2721 460 2788 honorande.
492 2721 711 2786 intelliximus
737 2743 771 2786 re
796 2741 881 2801 vera,
906 2720 1047 2802 qualiter
1071 2719 1255 2784 sevissimus

126 2829 311 2912 imperator
329 2829 508 2895 Turcorum
528 2827 641 2894 Crucis
669 2829 794 2894 Christi
819 2829 923 2894 hostis
949 2827 1188 2892 crudelissimus
1214 2824 1257 2888 ad

2 2915 3 2926 .
127 2942 272 3001 castrum
283 2936 440 3002 Zendrew
457 2959 609 3021 magnam
626 2938 753 3020 copiam
770 2937 914 3018 gentium
931 2935 1081 3012 missiset,
1098 2953 1171 2996 cum
1186 2931 1257 3014 qui·

126 3043 189 3108 bus
215 3051 328 3126 partes
352 3045 521 3111 inferiores
547 3046 638 3130 regni
663 3047 716 3110 nic
741 3045 911 3108 devastare
939 3065 977 3108 ac
993 3047 1101 3107 castra
1117 3038 1258 3103 confinia

127 3172 318 3238 expugnare
344 3153 451 3220 facere
476 3155 583 3238 vellet,
607 3156 692 3220 unde
719 3154 800 3219 sciat
816 3152 1008 3218 Paternitas
1028 3149 1069 3219 V.
1095 3148 1258 3214 Reveren-

126 3258 271 3344 dissima,
290 3263 376 3344 quod
386 3264 436 3328 his
453 3263 566 3329 diebus
576 3285 687 3329 versus
698 3261 785 3346 ipsas
795 3268 904 3346 partes
915 3259 1083 3325 inferiores
1094 3255 1259 3324 descendi-

128 3387 209 3434 mus.
236 3371 391 3438 Vestram
411 3372 512 3454 igitur
538 3369 853 3442 Reverendissimam
870 3369 1111 3435 Paternitatem
1126 3385 1256 3448 presen-

125 3475 215 3540 tibus
233 3497 387 3560 rogamus
398 3479 650 3564 diligentissime,
666 3478 795 3562 quando
807 3478 958 3562 dignetur
974 3475 1088 3541 eadem
1104 3495 1183 3557 erga
1200 3493 1259 3537 nos

126 3583 169 3647 ad
185 3591 329 3651 castrum
345 3593 492 3652 nostrum
503 3587 610 3652 Beche
628 3587 830 3666 descendere,
846 3583 1020 3650 tractaturi
1036 3581 1103 3647 illic
1119 3601 1259 3646 unacum

3 3695 4 3770 s
126 3690 252 3760 Vestra
268 3693 553 3761 Reverendissima
569 3695 774 3762 Paternitate
791 3715 839 3776 ea,
867 3715 929 3776 que
954 3690 1133 3757 utilitatem
1149 3687 1189 3752 ed
1206 3687 1259 3752 de-

125 3800 309 3865 fensionem
327 3801 436 3884 Regni
460 3803 566 3887 huius,
591 3803 656 3867 imo
673 3803 773 3867 totius
790 3798 1053 3865 Christianitatis
1070 3800 1258 3860 contentare

126 3909 336 3974 ridebuntur.
362 3908 487 3976 Datum
505 3911 609 3993 Agric
627 3910 678 3976 die
694 3909 867 3975 Dominico
889 3908 1035 3991 proximo
1053 3909 1127 3986 post
1143 3902 1261 3967 festum

3 4021 4 4028 ’
128 4017 344 4084 Ascensionis
359 4015 494 4084 Domini
510 4017 746 4085 MCCCCLX.

577 4125 722 4192 Michael
746 4126 862 4208 Zilagy
883 4121 923 4187 de
948 4121 1124 4202 Horogzeg
1144 4115 1260 4182 Comes

577 4241 755 4318 perpetuus
789 4229 1022 4307 Bistriziensis,
1053 4224 1260 4310 partiumque

579 4343 878 4426 Transylvauarum
894 4335 1112 4404 Gubernator.

241 4501 368 4568 (minuti
382 4506 466 4565 allam
479 4502 555 4566 ltar.)

621 4641 777 4656 —u---a—-m
