3256 5304
644 337 739 415 1463.
798 381 801 385 -
1193 333 1256 416 eit

122 519 254 611 debent,
271 527 579 611 proconcludendis
595 529 647 593 his
663 527 770 609 rebuS,
787 529 819 592 in
847 529 963 612 quibus
983 529 1060 593 Dux
1085 531 1154 612 ipsc
1186 537 1257 594 tan·

121 642 193 700 tum
225 638 375 700 incensus
416 643 475 717 est,
518 643 676 718 quantum
709 637 814 718 magis
840 635 903 700 dici
929 641 1046 719 posset,
1073 640 1255 722 scimusque

122 743 284 810 Oratores
300 744 390 826 ipsos
406 744 459 808 his
476 743 590 809 diebus
606 744 756 828 attigisse
773 744 989 809 Florentiam.

232 851 325 916 Misit
341 852 383 916 ad
400 874 456 916 nos
475 850 628 916 Pontifex
653 851 819 919 Maximus
844 850 1161 917 Reverendiseimum
1187 853 1253 918 Do·

122 961 247 1024 minum
265 957 474 1025 Cardinalem
490 957 651 1024 Nicenum
668 959 830 1042 Legatum
856 959 897 1024 ob
924 955 1008 1023 hanc
1023 961 1154 1025 unicam
1181 983 1254 1025 oau-

122 1087 191 1130 sam
208 1066 294 1147 fidei,
311 1074 347 1131 ut
372 1088 570 1150 quecumque
596 1067 739 1149 gerenda
772 1071 854 1146 sunt,
880 1065 1102 1148 expediantur.
1130 1066 1196 1133 Sed
1221 1070 1255 1133 id

121 1174 212 1258 apud
228 1197 286 1240 nos
303 1195 367 1239 non
383 1195 463 1258 opus
479 1181 559 1255 erat,
584 1172 857 1257 quandoquidem,
874 1180 910 1237 ut
926 1174 1075 1254 diximus
1087 1175 1155 1258 jam
1171 1197 1256 1240 rum-

121 1304 200 1366 pere
219 1283 455 1348 instituerimus
476 1288 597 1368 ,contra
622 1283 758 1347 hostem.
785 1279 974 1347 Adhibetur
999 1304 1128 1366 quoque
1154 1304 1254 1368 opera

51 1472 55 1479 Ι
122 1392 227 1455 omnis
254 1397 375 1473 nostra,
400 1397 437 1456 ut
459 1392 523 1457 dux
539 1390 733 1474 Stephanus,
750 1391 910 1457 Dominus
928 1389 1194 1476 Scanderhergus
1222 1397 1256 1456 et

122 1497 181 1563 alii
198 1498 333 1565 Domini
364 1500 491 1565 finitimi
516 1506 616 1582 agant
647 1505 763 1564 contra
795 1499 994 1563 sevissimam
1027 1500 1162 1583 hostem,
1187 1506 1256 1564 tam

124 1630 237 1673 versus
253 1614 366 1692 partes
381 1607 530 1689 Bossine,
546 1630 643 1693 quam
660 1608 749 1686 alibi,
765 1613 801 1672 ut
816 1607 958 1691 undique
975 1609 1161 1692 propulsari
1186 1629 1258 1690 pos-

122 1717 174 1798 sit,
200 1718 366 1800 inquere
383 1718 481 1782 etiam
498 1738 570 1782 cum
586 1717 735 1801 gentibus
752 1723 785 1781 et
800 1716 924 1782 viribus
944 1717 1074 1800 nostris,
1102 1738 1183 1799 quas
1200 1718 1256 1782 ha·

121 1823 236 1888 bemus
251 1825 416 1908 proximas
433 1825 499 1889 illie
516 1823 675 1907 partibus,
691 1823 772 1888 nihil
790 1824 829 1888 de
845 1822 1056 1907 possibilibus
1073 1825 1257 1890 ommissuri

123 1954 243 1998 sumus.
268 1932 342 1998 Hee
367 1934 475 1998 omnia
493 1935 628 1998 comita
654 1934 728 2014 sint,
750 1931 930 1999 Serenitati
945 1929 1049 2016 Regio
1077 1932 1256 2017 significari
1324 1985 1326 1988 .

122 2040 281 2122 volumus,
307 2047 344 2105 ut
355 2041 424 2124 jam
446 2041 579 2106 tandem
597 2041 769 2124 intelligat,
795 2040 882 2125 quod
898 2062 957 2124 per
971 2039 1036 2105 Dei
1053 2041 1256 2107 clementiam

123 2148 235 2212 omnia
251 2147 478 2231 disponuntur,
489 2169 611 2232 nosque
618 2145 688 2233 jam
704 2147 878 2213 actualiter
888 2147 1025 2213 iacimus
1036 2153 1150 2214 contra
1160 2148 1255 2232 perfi-

125 2255 293 2320 dissimum
310 2257 444 2322 hostem.
472 2254 651 2339 Superest,
668 2257 755 2341 quod
771 2261 803 2320 et
820 2256 846 2320 ei
864 2257 1032 2323 certissimi
1059 2258 1158 2324 simus
1183 2255 1256 2322 Ma·

119 2363 274 2446 jestatem
306 2363 406 2430 Suam
430 2387 548 2448 magno
574 2372 607 2430 et
622 2365 700 2430 forti
716 2365 823 2430 anime
856 2365 976 2431 adhoc
1001 2370 1149 2430 secutum
1175 2384 1256 2448 opus

122 2493 351 2554 processuram
368 2495 444 2554 esse,
471 2480 630 2556 tantoque
655 2475 770 2558 magis,
797 2479 918 2556 quanto
944 2492 1016 2538 cum
1035 2473 1256 2557 Imperatoria

123 2577 303 2664 Majestate
335 2581 376 2644 ad
401 2579 520 2646 honam
545 2579 752 2648 concordiam
778 2587 810 2646 et
834 2578 1086 2665 intelligentiam
1113 2581 1256 2662 devenit,

123 2693 233 2752 tamen
249 2709 309 2770 pro
326 2689 550 2771 magnitudine
566 2683 720 2754 desiderii
736 2689 838 2754 nostri
854 2687 1021 2753 hortemur
1047 2694 1080 2753 et
1103 2709 1256 2771 rogemus

123 2816 206 2875 eam,
234 2802 270 2861 ut
286 2815 325 2862 ex
341 2802 434 2879 parte
451 2819 510 2861 sua
526 2815 584 2880 pro
601 2803 728 2863 vetusto
745 2815 834 2862 more
855 2798 1099 2880 progenitorum
1125 2814 1256 2862 suorum

123 2905 330 2988 magnanime
347 2927 444 2990 agere
459 2901 538 2972 velit
554 2911 669 2971 centra
695 2926 897 2972 communem
921 2903 1056 2988 hostem,
1082 2927 1182 2988 quum
1200 2905 1257 2970 du·

122 3007 226 3078 bitari
243 3033 308 3078 non
325 3013 431 3096 debet,
448 3014 534 3096 quod
551 3036 571 3079 a
589 3013 725 3078 diversis
741 3014 892 3097 partibus
918 3014 1138 3098 propulsatus,
1165 3034 1256 3095 coge·

122 3125 177 3184 tur
191 3141 250 3204 per
266 3120 393 3186 diversa
407 3122 480 3187 loca
496 3122 656 3187 divertere
671 3123 754 3186 vires
779 3143 865 3204 suas,
880 3127 914 3186 et
928 3143 985 3206 per
1001 3140 1202 3205 consequens
1218 3119 1251 3186 in

123 3228 235 3293 divina
249 3229 397 3295 bonitate
416 3229 620 3313 sperandum,
646 3229 733 3313 quod
759 3229 1028 3296 exterminabitur
1044 3245 1082 3293 ex
1107 3229 1252 3314 Europa,

125 3333 209 3400 Oum
236 3335 288 3402 his
304 3343 413 3402 autem
430 3345 464 3402 et
479 3337 553 3402 aliis
573 3337 666 3403 bonis
692 3343 725 3402 et
749 3337 987 3421 pertinentibus
1018 3337 1127 3404 verbis
1147 3337 1255 3402 stude·

124 3443 201 3507 bitis
220 3437 373 3510 inducere
390 3452 424 3510 et
434 3443 579 3510 animare
596 3444 815 3511 Serenitatem
825 3445 926 3512 Suam
943 3447 986 3512 ad
995 3441 1255 3530 prosequendam

124 3549 323 3634 impreciam.
1073 3575 1075 3579 ·

231 3661 357 3730 Verum
373 3663 401 3726 si
416 3661 499 3727 forte
515 3663 735 3746 requireretur
751 3685 810 3747 per
827 3656 1038 3747 Majestatem
1049 3657 1149 3728 Suam
1166 3662 1257 3728 favor

124 3775 244 3850 noster,
260 3770 416 3852 volumus,
434 3770 531 3853 quod,
546 3777 583 3835 ut
599 3769 748 3851 diximus,
765 3769 920 3836 modestis
938 3777 971 3836 et
989 3771 1140 3836 humanis
1152 3771 1257 3836 verbis

124 3879 383 3943 commemoratis
420 3879 627 3961 gravissimas
656 3880 820 3963 impensas
845 3885 981 3962 nostrae,
1016 3901 1097 3962 quae
1129 3879 1163 3943 in
1195 3879 1256 3944 hoo

124 3985 211 4052 bello
228 4009 302 4051 oum
319 3987 426 4052 Turoo
443 3987 610 4070 hahemus
626 3987 838 4071 habiturique
855 4009 973 4069 sumus,
999 3992 1032 4051 et
1056 3986 1143 4068 quod
1168 3993 1256 4051 terra

125 4095 274 4178 marique
289 4095 344 4159 isti
359 4093 511 4160 videntur
526 4096 619 4160 nobis
635 4097 785 4180 majores,
803 4097 858 4178 qui
875 4096 978 4179 Regie
995 4095 1166 4179 Majestati
1183 4117 1257 4160 oon·

124 4200 202 4266 ferri
217 4209 360 4286 possent.

232 4310 398 4391 Preterea,
415 4311 492 4394 qnia
509 4311 592 4376 sicut
602 4328 641 4375 ex
657 4310 877 4395 superioribus
894 4307 1012 4376 vestris
1027 4311 1148 4378 litteris
1165 4311 1258 4376 intel·

126 4412 270 4501 leximuS,
286 4419 413 4484 velletis
429 4419 550 4485 habere
565 4418 755 4484 facultatem
773 4442 792 4483 a
808 4419 901 4484 nohis
912 4420 1065 4501 poscendi
1076 4420 1257 4502 expendere

128 4526 208 4590 alios
225 4533 368 4610 quatuor
384 4527 521 4592 ducatos
536 4528 570 4592 in
587 4525 681 4606 diem,
698 4528 785 4592 ultra
803 4527 887 4608 illos,
914 4527 969 4608 qui
985 4549 1044 4610 per
1068 4525 1258 4594 electionem

170 4648 231 4699 non.
247 4663 331 4698 noxe.
348 4663 414 4698 mer.
432 4672 474 4680 -
490 4663 559 4698 corn
574 4664 635 4698 nxr.
652 4663 687 4698 ιν.
1116 4657 1148 4702 1ῠ
