3256 5304
634 379 728 441 1463.
1183 378 1244 438 201

120 551 195 619 Nec
211 575 382 636 possumus
399 555 515 620 exinde
533 552 777 620 Sublimitatem
795 555 893 620 Suam
911 553 1026 636 dignis,
1043 559 1101 618 aut
1119 553 1246 618 meritis

22 686 25 695 ’
117 661 277 727 extollere
293 660 454 728 laudibus.
472 660 556 726 Onm
582 684 640 728 nos
665 662 881 746 Majestatem
906 661 1006 728 Suam
1031 661 1247 727 sincerissime

116 769 311 852 diligamus:
328 771 503 836 statuimus
520 774 554 834 te
570 771 611 835 ad
633 789 705 834 eam
729 770 861 835 mittere
888 771 1062 838 Oratorem
1088 775 1246 848 nostrum,

12 915 19 924 ·
116 883 155 942 ut
186 876 289 943 Suam
315 874 549 942 Oelsitudinem
578 877 783 956 honoremus,
808 878 940 959 suisque
965 875 1177 959 beneplacitis
1210 882 1243 942 et

119 984 297 1049 commodis
314 985 504 1050 assistamus
521 990 553 1048 et
569 985 603 1047 in
619 984 745 1049 cunctis
767 982 861 1048 nobis
886 982 1097 1067 possibilibus
1123 982 1181 1048 sibi
1207 1005 1247 1048 ae

119 1112 221 1174 regno
239 1113 297 1159 suo
314 1092 410 1158 simul
426 1114 499 1158 cum
516 1092 587 1156 aliis
604 1112 697 1175 opem
713 1091 883 1156 ferremus.

230 1235 375 1303 Subinde
391 1237 488 1319 dices,
505 1237 592 1320 quod
606 1237 674 1320 jam
690 1237 802 1302 multis
819 1237 982 1303 mensibus
1000 1236 1123 1302 exactis
1140 1236 1243 1301 tenui·
1320 1245 1323 1252 “

120 1366 192 1410 mus
209 1367 248 1410 ac
263 1351 411 1411 tenemus
428 1345 527 1409 etiam
560 1345 593 1408 in
618 1345 760 1428 presenti
786 1342 961 1410 Oratorem
985 1349 1132 1409 nostrum
1160 1342 1247 1427 apud

121 1453 153 1520 S.
170 1452 372 1536 Pontificem,
398 1454 522 1518 nullum
548 1450 692 1517 studium
716 1455 1004 1537 pretermittentes,
1030 1455 1117 1538 quod
1138 1451 1249 1517 mittat

2 1637 3 1648 ,
124 1584 224 1627 unum
255 1562 416 1645 Legatum
443 1562 612 1628 delatore
638 1560 680 1625 ad
705 1562 780 1627 illas
806 1569 918 1646 partes
945 1562 1130 1645 Hungarie,
1145 1566 1247 1643 utque

40 1728 44 1734 .
122 1669 378 1754 expeditioribus
387 1671 518 1736 auxiliis
529 1690 725 1749 succurrere,
741 1670 820 1736 velit
838 1669 1137 1753 opportunitatibus
1155 1668 1247 1751 regni

119 1777 220 1861 illius,
247 1784 279 1843 et
294 1779 342 1844 ita
358 1779 518 1844 eredimus
535 1798 607 1842 eum
624 1799 694 1844 esse
710 1778 872 1844 facturum
896 1825 1248 1846 ............

120 1887 257 1952 celerius
273 1885 378 1952 locum
395 1885 596 1969 habuissent,
613 1889 640 1953 si
658 1886 813 1953 Oratores
829 1909 888 1970 per
904 1884 1118 1982 Majestatem
1144 1882 1246 1949 Suam

121 1989 285 2078 designati
301 1995 344 2060 ad
361 1996 466 2079 ipsum
485 1994 669 2060 Romanum
695 1995 890 2061 Pontificem
904 1987 1011 2060 ⁴simul
1038 2015 1110 2059 cum
1136 1997 1248 2059 nostro

121 2102 163 2166 ad
179 2100 240 2166 hec
255 2109 422 2186 presentes
438 2102 583 2184 fuissent,
598 2102 816 2186 fecissentque
836 2103 925 2168 unite
952 2102 1041 2185 apud
1065 2098 1247 2166 Beatitndi-

121 2231 192 2274 nem
208 2209 310 2276 Suam
325 2211 501 2276 instantias
518 2217 731 2294 opportunas.

230 2353 386 2420 Preterea
417 2376 567 2438 expones,
602 2354 689 2437 quod
726 2353 955 2420 serenissimus
990 2354 1063 2418 Rex
1088 2349 1248 2416 Bohemie

121 2484 270 2527 asserens
286 2464 469 2546 intelligere
486 2484 520 2528 se
537 2484 609 2528 cum
627 2461 838 2528 Seranissimo
854 2463 945 2546 Rege
966 2461 1103 2527 Polonie
1114 2465 1147 2524 et
1155 2459 1248 2524 Duce

122 2553 277 2651 navarie,
306 2571 481 2636 solicitavit
506 2593 563 2655 per
595 2568 771 2636 Oratorem
804 2593 897 2636 suum
929 2566 1248 2634 Ohristianissimnm

122 2677 249 2762 Regem
265 2675 490 2744 Franchorum
506 2685 539 2744 et
554 2700 622 2759 nos,
639 2679 726 2761 quod
743 2678 864 2744 viribus
882 2700 992 2744 eorum
1007 2677 1193 2762 principum
1209 2698 1248 2740 ac

56 2809 60 2812 ·
122 2785 242 2850 nostris
259 2787 402 2851 succurri
418 2786 496 2850 velit
512 2787 610 2851 rebus
626 2786 824 2853 Christianis
842 2794 875 2851 et
899 2787 1009 2870 Regni
1026 2785 1114 2849 illius
1131 2789 1245 2850 contra

124 2913 328 2958 communem
343 2895 469 2959 hostem
485 2916 524 2959 ac
540 2896 673 2978 procedi
690 2896 733 2960 ad
744 2897 813 2979 ejus
824 2895 1050 2959 exterminium
1060 2900 1093 2956 et
1103 2894 1247 2971 ruinam;

119 2999 255 3084 jamque
271 3001 357 3066 idem
375 3001 496 3069 Orator
512 3025 583 3067 cum
600 3003 720 3068 litteris
736 3003 862 3087 prefate
879 3002 1064 3085 Majestatis
1081 2999 1248 3064 Francho-

121 3130 193 3172 rum
209 3108 308 3173 rediit
324 3115 392 3174 tam
412 3110 539 3191 ednas,
566 3133 664 3193 quam
689 3112 731 3175 ad
747 3111 918 3193 Principes
944 3108 1140 3189 antedictos,
1168 3129 1245 3190 que-

122 3217 333 3283 madmodum
350 3220 430 3283 certi
451 3240 559 3284 sumus
587 3219 688 3285 Suam
714 3218 933 3286 Serenitatem
958 3218 1076 3283 litteris
1103 3217 1248 3302 ejusdem

121 3321 308 3408 Majestatis
324 3326 548 3391 Franohorum
564 3326 774 3391 informatam
791 3327 897 3390 fuisse.
915 3325 984 3392 Nos
1005 3347 1081 3390 vero
1107 3324 1249 3408 polliciti

123 3454 234 3497 sumus
251 3434 335 3498 vires
352 3443 479 3500 nostras
496 3435 691 3498 marittimas
712 3456 776 3499 non
794 3435 898 3498 solum
924 3440 1103 3516 presentes,
1129 3432 1186 3496 sed
1213 3437 1246 3494 et

123 3540 207 3604 alias
224 3541 396 3623 possibiles
413 3542 446 3605 in
462 3540 617 3622 futurum,
634 3563 712 3605 casu
738 3562 803 3624 quo
819 3541 919 3605 unitis
945 3540 1067 3605 viribus
1093 3539 1248 3623 proceda-

124 3653 177 3712 tur
193 3670 252 3731 per
268 3654 390 3714 terram
408 3649 450 3713 ad
467 3649 628 3714 excidium
644 3649 740 3732 hujus
758 3638 871 3713 hostis'.

230 3791 361 3858 Interea
378 3814 454 3858 vero
476 3791 712 3858 Oelsitudinem
729 3794 829 3860 Suam
846 3794 1026 3877 hortamur,
1050 3797 1088 3857 nt
1112 3812 1245 3873 magna·

126 3901 210 3966 nime
228 3921 262 3966 se
278 3899 398 3965 habere
415 3902 498 3982 velit,
524 3900 779 3985 consecrareque
795 3924 932 3986 regnum
959 3923 1060 3982 suum,
1086 3907 1118 3965 et
1143 3898 1249 3965 solici-

125 4011 196 4072 tare
228 4029 332 4089 regna
364 4015 396 4071 et
421 4010 586 4092 potentias
614 4009 866 4089 circumvicinas,
907 4010 1055 4074 videlicet
1080 4006 1247 4085 Bohemie,

12 4157 24 4168 -ι
124 4114 273 4179 Pollonie
290 4122 322 4179 et
338 4114 475 4181 Bossine
493 4121 525 4180 et
540 4116 667 4180 Ducem
693 4117 836 4182 Bavarie
853 4117 895 4182 ad
910 4140 969 4182 sua
985 4117 1087 4182 exilia
1104 4123 1137 4180 et
1162 4114 1248 4180 favo-

123 4243 183 4286 res.
200 4221 343 4304 Nosque,
360 4222 437 4288 licet
454 4225 552 4287 simus
569 4225 697 4306 gravati
713 4226 839 4309 magnis
856 4233 889 4290 et
907 4227 1078 4291 excessivis
1089 4225 1246 4308 impensis

124 4331 155 4392 in
172 4330 277 4394 classe
292 4336 408 4394 nostra
425 4337 458 4395 et
473 4331 547 4394 aliis
574 4331 685 4396 multis
711 4335 948 4415 provisionibus
974 4356 1031 4417 per
1057 4355 1117 4397 nos
1144 4332 1248 4410 factis,

123 4443 234 4502 tamen
251 4438 394 4502 contenti
412 4439 531 4504 erimus
548 4461 620 4504 cum
637 4440 792 4522 predictis
810 4463 1000 4506 concurrere
1018 4443 1244 4524 proportione

125 4551 235 4612 nostra
252 4545 286 4612 in
303 4566 348 4624 eo,
366 4533 443 4632 quid
460 4549 521 4612 erit
537 4546 731 4614 rationabile
749 4555 781 4612 et
798 4549 977 4618 honestum.
