3292 5310
713 653 740 713 7.

163 810 256 873 1458.
278 811 393 876 Udiua
419 811 446 876 A
462 812 594 898 fricuit
619 813 777 898 lelytorto‘
802 816 895 878 levele
911 839 932 880 o
949 816 1087 879 milliarii
1095 815 1283 900 fejedelem·

195 919 249 980 hez
265 917 522 1004 Mopyororszdp
539 919 805 986 lcc'szi'tlb'de'scirttl
822 947 843 985 a
860 923 950 986 111νό11
967 922 1059 1001 elien,
1075 923 1107 984 c's
1123 946 1144 985 a
1162 921 1259 987 Cilici

330 1021 453 1112 profui
467 1028 693 1092 tomedosorot
710 1028 857 1092 Fridrik
874 1033 1005 1093 orcozor
1022 1029 1112 1094 allen.

217 1242 220 1253 ·
267 1221 461 1304 Exemplum
486 1220 657 1286 literarum
673 1223 920 1288 locomtenentis
937 1222 1041 1288 nostri
1056 1223 1160 1306 patris
1176 1223 1282 1306 Forij-

159 1326 183 1392 J
189 1327 248 1411 ulij
266 1328 309 1392 ad
323 1334 470 1395 nostrum
487 1329 672 1394 dominium.
701 1329 798 1396 Utino
813 1335 908 1395 mart.
926 1337 954 1394 7.
973 1333 1067 1396 1458.

262 1434 490 1500 Illustrissime
508 1436 668 1518 Princeps
694 1443 726 1503 et
742 1435 882 1502 Domine
907 1438 1199 1504 Excellentissime.
1233 1437 1281 1500 Ut

154 1543 360 1609 Excellentia
374 1542 499 1610 Vestra
525 1544 643 1609 certior
658 1543 717 1610 fiat
741 1545 781 1610 de
796 1546 887 1610 novis
904 1567 943 1610 ex
958 1543 1135 1612 Alemania
1151 1542 1281 1625 habitis,

154 1651 259 1714 eidem
284 1649 429 1733 significo
454 1652 623 1716 Illustrem
653 1651 829 1717 Dominum
861 1650 1021 1718 Comitem
1048 1649 1178 1717 Goritie
1208 1653 1279 1719 hes-

153 1764 248 1822 terna
276 1759 329 1822 die
353 1781 412 1843 per
438 1760 506 1844 ejus
533 1762 701 1843 proprium
719 1761 868 1825 nuntium
892 1761 970 1826 mihi
996 1760 1140 1826 nuntiari
1156 1759 1280 1840 fecisse,

152 1866 187 1928 in
210 1865 328 1950 Regno
353 1867 534 1950 Hungarie‚
572 1875 670 1950 prout
701 1891 741 1934 ex
771 1868 956 1936 reversione
979 1868 1073 1932 unius
1099 1869 1149 1932 sui
1173 1869 1280 1932 nuntii

153 1975 297 2057 accepit,
338 1975 459 2040 multas
494 1981 606 2059 gentes
633 1997 718 2040 nunc
744 1997 815 2042 esse
849 1982 1062 2060 congregatas
1088 1983 1121 2042 et
1146 1978 1180 2041 in
1212 1976 1280 2040 dies

152 2103 288 2164 magnos
304 2089 484 2166 apparatus
500 2080 571 2148 fieri
587 2083 736 2166 gentium
753 2084 997 2166 armigerarum.
1014 2083 1175 2148 Similiter
1187 2082 1279 2148 Sere·

150 2188 321 2253 nissimum
337 2190 515 2258 Dominum
530 2191 767 2272 Imperatorem
794 2196 907 2273 gentes
925 2191 1106 2275 armigeras
1124 2191 1278 2256 continuo

151 2316 338 2378 preparare.
355 2297 483 2362 Deinde
494 2299 520 2364 J
521 2318 562 2362 on
574 2297 690 2363 militie
706 2299 780 2363 olim
792 2299 926 2364 Domini
937 2299 1072 2364 Comitis
1083 2296 1176 2380 Oilye
1192 2298 1280 2380 prin-

150 2406 256 2486 cipem
271 2403 364 2467 fedus
380 2403 592 2486 interrupisse
609 2409 643 2469 et
658 2404 778 2470 bellum
794 2407 915 2488 cepisse
932 2427 1003 2469 oum
1019 2405 1162 2470 Domina
1173 2403 1278 2470 Corni-

148 2511 229 2575 tissa
246 2509 347 2594 (lilye,
372 2511 423 2575 cui
439 2511 502 2576 duo
519 2517 628 2578 castra
644 2513 793 2595 arripuit,
821 2518 953 2595 statque
978 2513 1121 2577 intentus
1147 2519 1180 2577 et
1205 2533 1279 2594 pre-

148 2623 284 2700 paratus
309 2619 352 2684 ad
377 2618 603 2684 offendendum
628 2619 805 2686 Dominum
834 2621 1080 2704 Imperatorem.
1130 2623 1176 2686 Et
1202 2622 1277 2685 dum

148 2725 261 2788 diebus
289 2727 509 2810 superioribus
531 2728 617 2793 idem
632 2727 657 2792 J
658 2750 697 2793 on
714 2728 928 2793 intellexisset
945 2727 1139 2794 Caesaream
1155 2729 1279 2811 Majes·

13 2855 22 2912 ².
147 2837 252 2896 tatem
277 2834 429 2902 statuisse
454 2831 617 2902 Viennam
642 2835 809 2918 proficisci,
842 2857 876 2900 se
901 2837 935 2898 in
960 2835 1077 2898 itinere
1105 2836 1277 2917 opposuit;

13 2995 15 3026 ,
145 2939 322 3023 Ipsamque
339 2943 489 3024 cepisset,
516 2942 578 3006 nisi
596 2963 668 3008 cum
684 2948 832 3008 comeatu
849 2963 906 3008 suo
923 2932 1096 3006 interram
1114 2941 1278 3008 Neustoth

13 3027 26 3088 l
147 3069 181 3112 se
197 3047 398 3114 contulisset.
416 3047 572 3114 Ceterum
588 3050 615 3114 si
631 3049 697 3117 alia
713 3051 822 3116 relatu
839 3049 938 3132 digna
954 3049 1147 3132 coemerint,
1165 3070 1278 3132 procu·

13 3201 15 3240 1
146 3156 227 3220 rabo
252 3157 438 3239 diligenter,
465 3164 498 3223 et
523 3180 618 3242 quam
635 3160 776 3244 primum
792 3157 913 3224 Vestre
930 3156 1097 3223 Oeltudini
1113 3159 1276 3241 intimare,

13 3255 15 3288 ³
146 3263 236 3345 cujus
262 3264 371 3346 gratie
397 3286 447 3330 me
474 3287 603 3349 semper
626 3266 791 3332 humiliter
806 3265 1003 3332 commendo.
1036 3266 1089 3332 Ex
1105 3265 1210 3332 Utine
1227 3267 1281 3330 die

147 3366 225 3434 VII.
242 3369 359 3436 Martii
377 3374 472 3438 1458.
521 3397 523 3401 ·

252 3533 380 3594 (Milanoi
394 3535 477 3585 allam
494 3535 569 3598 lta‘r.)
