3292 5310
643 725 694 785 39.

102 880 201 944 1459.
227 879 319 942 Bc‘ca
359 878 410 944 De
435 881 606 946 Nardicie
631 883 742 946 Ιιιυάιι
774 880 901 968 Sfortia
927 882 1067 944 Ferenca
1092 881 1233 946 milanoi

101 985 260 1072 hercaeqct
286 987 474 1052 Pediebrad
510 989 701 1075 Gytrqynelc
728 992 798 1054 ceci
829 989 1001 1074 ttrotylya
1042 989 1231 1053 korondzta—

100 1094 226 1158 ιάιάιόι
244 1095 277 1158 es
292 1094 435 1160 Priora
451 1097 650 1161 cadezdrnak
675 1097 790 1162 indata
817 1096 934 1181 raptate
951 1097 992 1179 jo
1015 1096 1231 1160 azdnde‘kdrc'l

580 1204 751 1288 tudomtja.

209 1394 437 1464 Illustrissime
448 1397 603 1483 Princeps
620 1405 654 1464 et
669 1399 805 1464 Domine
815 1399 858 1463 mi
869 1398 974 1465 Unice
985 1419 1023 1466 ac
1033 1397 1231 1483 Singularis-

100 1505 191 1586 sima
208 1511 284 1590 post
294 1503 534 1572 devotissimam
550 1507 872 1573 commendationem.
890 1504 1046 1590 Significo
1062 1507 1117 1572 ala
1129 1504 1231 1572 Celsi-

1 1620 2 1626 ’
99 1611 354 1693 tudineVostra,
364 1633 454 1680 como
463 1613 563 1697 hoggi
573 1613 732 1682 XXVII.
743 1614 796 1680 del
806 1633 893 1678 mese
904 1613 934 1677 el
945 1612 1231 1679 Serenissimoim·

99 1725 256 1804 peratore
273 1741 346 1786 cum
369 1721 486 1805 grandi
502 1724 657 1806 apparati
673 1729 706 1788 et
722 1723 875 1788 'comitiva
891 1721 932 1786 de
948 1723 1034 1786 circa
1051 1742 1107 1804 sey
1124 1719 1228 1786 millia

98 1849 240 1912 persone
256 1827 308 1894 fra
323 1828 367 1894 da
383 1829 459 1914 pedi
475 1850 492 1894 e
509 1830 551 1896 da
567 1830 693 1897 cavallo
710 1852 728 1896 e
744 1831 866 1897 andato
894 1851 985 1894 verso
1007 1828 1162 1894 Moravia
1188 1828 1231 1894 ad

98 1957 167 2001 una
182 1942 323 2002 terrase
340 1937 469 2004 chiama
484 1937 597 2005 Bruna
613 1961 671 2024 per
686 1941 881 2006 incoronare
896 1939 928 2004 lo
945 1938 1049 2003 electo
1065 1938 1099 2002 in
1120 1937 1170 2002 Re
1187 1938 1228 2002 de

1 2076 2 2081 ι
99 2043 270 2126 Bchemia‚
286 2045 320 2111 la
337 2046 415 2129 qual
430 2068 508 2113 cosa
522 2069 601 2130 pare
618 2047 660 2113 ad
676 2068 806 2132 ognunc
833 2047 940 2130 prima
963 2046 1047 2112 facie
1075 2051 1231 2110 extranea

1 2175 2 2178 ¹
98 2159 132 2217 et
147 2150 385 2236 indignissima,
411 2153 617 2221 considerato
633 2154 667 2220 la
684 2154 845 2238 qualitate
861 2154 914 2220 del
931 2154 1018 2220 dicto
1046 2153 1158 2236 electo,
1174 2173 1230 2216 no-

1 2256 2 2334 ]
98 2260 228 2325 tissima
255 2260 309 2326 ala
324 2261 449 2330 Vostra
465 2260 625 2346 Signoria
658 2262 705 2329 Et
729 2263 941 2328 trovandome
967 2282 1076 2346 spessc
1101 2282 1173 2326 cum
1199 2261 1230 2324 lc

98 2366 249 2434 Vesccvo
261 2367 456 2451 Ourciensia
474 2369 564 2435 chee
581 2369 611 2434 el
627 2371 731 2454 primo
748 2371 845 2436 homo
861 2369 960 2434 habia
975 2370 1007 2434 lo
1026 2370 1231 2451 imperatore,

97 2474 271 2542 detestava
286 2497 361 2541 seco
378 2477 666 2544 domesticamente
682 2478 749 2543 tale
766 2477 982 2557 coronatione,
997 2475 1045 2540 lui
1061 2496 1112 2540 me
1124 2475 1231 2555 allego

1 2603 2 2646 3
97 2583 198 2648 mcltc
223 2605 357 2666 raxone,
382 2607 441 2670 per
466 2587 497 2652 lc
523 2586 620 2670 quale
645 2585 714 2652 Sua
739 2585 870 2652 Maesta
896 2607 929 2649 se
954 2605 1068 2650 mcvea
1092 2583 1135 2648 ad
1160 2582 1231 2648 fare
1337 2633 1342 2644 .

1 2709 2 2785 3
99 2699 226 2774 questo,
242 2691 329 2759 esra
344 2692 375 2758 le
392 2694 486 2776 altre,
503 2693 562 2760 che
578 2694 683 2760 costui
699 2716 757 2760 era
772 2698 864 2759 tenut
865 2699 933 2760 cet
949 2697 1099 2776 reputato
1065 2691 1159 2756 toda
1175 2710 1232 2772 og-

1 2789 2 2858 Ῑ
98 2821 186 2865 nuno
202 2821 263 2884 per
279 2801 331 2866 Ite
347 2802 387 2867 de
403 2801 573 2885 Bchemia‚
588 2809 622 2868 ct
638 2801 697 2868 che
714 2802 744 2867 el
768 2823 832 2867 non
859 2799 1031 2866 coronarlo
1057 2820 1122 2863 non
1147 2798 1231 2861 seria

97 2907 223 2990 impero
256 2910 375 2993 torglie
400 2908 510 2993 quello
535 2930 654 2991 reame,
689 2929 872 2974 occorsome
898 2907 941 2973 ad
964 2905 1132 2989 proposito
1160 2924 1231 2967 cum

97 3013 183 3079 bono
200 3015 298 3081 modo
315 3017 490 3101 introdure,
506 3019 565 3083 che
582 3039 654 3082 cum
670 3017 753 3082 altre
769 3036 890 3082 raxone
906 3013 941 3079 la
956 3012 1025 3080 Sua
1040 3012 1172 3078 Maesta
1196 3033 1231 3076 se

99 3122 222 3187 dovera
238 3145 368 3189 movere
384 3125 428 3190 ad
452 3123 661 3208 conformare,
686 3123 720 3189 la
734 3123 859 3194 Vestra
885 3120 1040 3204 Signoria
1064 3119 1097 3183 in
1124 3118 1231 3202 quello

2 3218 3 3229 ¹
98 3228 242 3313 Ducato,
258 3233 290 3297 el
306 3233 403 3315 quale
419 3255 476 3298 era
492 3254 561 3315 suo,
587 3239 621 3297 et
645 3230 843 3315 aspectavali
867 3251 925 3313 per
949 3227 1037 3293 mille
1063 3227 1231 3310 legiptime

98 3360 230 3420 raxone,
257 3342 377 3424 perche
403 3363 466 3406 non
482 3341 552 3406 solo
567 3340 602 3406 la
617 3338 740 3408 Vestra
756 3337 960 3403 Celsitudine
976 3356 1033 3400 era
1049 3333 1170 3399 havuta
1188 3335 1232 3399 da

98 3447 177 3512 tutti
203 3447 228 3512 li
243 3448 391 3532 Principi
408 3447 588 3514 Christiani
609 3469 668 3530 ρει
685 3445 870 3512 indubitato
886 3443 1023 3527 Signore
1040 3447 1072 3506 et
1088 3438 1182 3507 Duca
1198 3441 1232 3506 di

98 3553 236 3638 Milano,
252 3577 307 3621 ma
322 3577 381 3639 per
395 3555 426 3620 ie
442 3577 498 3620 sue
509 3552 780 3620 excellentissimo
790 3553 911 3617 virtute
922 3549 1024 3615 doeva
1034 3550 1104 3632 lege
1114 3571 1134 3614 a
1144 3553 1232 3614 tutta

99 3660 208 3743 Italia,
224 3683 426 3747 resposeme:
444 3663 503 3728 che
519 3662 647 3728 eraben
658 3666 747 3726 certo
760 3657 893 3724 vivendo
903 3657 936 3722 la
947 3655 1100 3740 Signoria
1110 3654 1232 3722 Vestra

99 3790 162 3835 non
180 3792 215 3834 se
235 3769 259 3834 li
275 3771 406 3852 poteria
419 3769 496 3836 dare
512 3768 753 3852 impedimento,
770 3765 828 3832 sed
844 3771 917 3851 post
932 3765 956 3829 li
972 3763 1089 3848 figlioli
1114 3783 1149 3826 se
1176 3783 1231 3845 po-

99 3879 228 3943 teriano
244 3878 481 3960 grandemente
496 3876 670 3942 offendere.
686 3875 851 3941 Declarali
863 3873 968 3958 questi
980 3892 1079 3937 erano
1090 3869 1231 3952 pensiori

100 3986 276 4067 vanissimi,
292 3985 411 4070 perche
422 3986 663 4068 omnitempore
673 3983 838 4052 laVostra
848 3979 1002 4061 Signoria
1012 3976 1114 4041 havea
1124 3975 1152 4038 si
1162 3973 1232 4037 fun-

101 4092 179 4160 dato
196 4093 226 4161 el
243 4098 332 4158 stato
347 4113 406 4158 suo
422 4113 495 4158 cum
511 4092 546 4156 la
560 4091 780 4158 benivolentia
789 4088 869 4154 delli
880 4083 1000 4169 popuii,
1017 4081 1231 4166 grandissima

101 4200 269 4282 parentele
285 4187 419 4266 et'altre
434 4199 560 4265 infinite
576 4199 636 4281 vie,
653 4199 710 4264 che
726 4217 801 4280 may
817 4215 851 4262 se
867 4194 1005 4260 haveaa
1020 4189 1174 4254 dubitare
1191 4185 1231 4252 de

102 4309 233 4373 sinistro
260 4306 392 4388 alcuno,
424 4312 458 4371 et
482 4305 542 4370 che
566 4304 600 4369 la
627 4303 777 4370 Serenita
802 4301 843 4366 de
868 4299 901 4364 lo
926 4298 1124 4381 imperatore
1148 4293 1232 4360 saria

102 4414 180 4479 bene
204 4435 323 4498 sapere
340 4433 536 4497 cognoscere
553 4412 602 4478 tal
619 4411 771 4494 Principe
788 4430 848 4492 ρει
865 4406 967 4472 amico
985 4411 1019 4470 et
1034 4402 1119 4469 bono
1136 4422 1153 4466 e
1168 4403 1232 4466 uti·

7 4565 8 4574 2
101 4521 221 4589 lissimo
237 4522 366 4609 figliclo
384 4521 436 4586 del
454 4521 556 4588 Sacro
571 4519 724 4604 Imperio,
750 4525 783 4583 et
798 4515 868 4582 fare
894 4509 1232 4580 liberalissimameote
