3268 5308
662 358 756 427 1462.
861 389 868 422 >

671 667 743 731 107.

145 827 243 891 1462.
272 797 468 890 Aoeleacrei
495 827 713 892 dllamtoaotcs
738 829 875 893 velana
892 829 1023 918 Matyda
1039 830 1210 916 birdlyboa·
1237 855 1275 898 aa

426 933 500 998 olcid
510 932 679 1020 fejedelem
696 935 876 1021 diltlease'ge
892 939 991 1000 irdat.

142 1123 419 1194 MOOOOLXH.
435 1127 487 1193 die
504 1125 585 1194 XV.
601 1128 626 1194 J
628 1129 765 1212 anuarij.

255 1232 467 1300 Serenissimo
484 1233 625 1300 Domino
642 1233 779 1317 Mathis,
795 1235 969 1318 Huugarie
984 1237 1079 1322 Regi.

145 1339 321 1423 sapientes
337 1339 471 1426 COUSffil
489 1347 523 1405 el
622 1359 736 1424 Libuit
754 1361 930 1426 Serenitati
954 1361 1057 1445 Regie
1078 1363 1197 1431 Vestro
1222 1365 1276 1430 lit-

146 1447 520 1548 *QL—
577 1466 655 1531 teris
672 1467 740 1550 ejus
757 1489 860 1551 nuper
876 1468 919 1533 ad
938 1490 998 1534 nos
1024 1469 1150 1553 delatis,
1178 1472 1276 1556 signi-

149 1572 250 1638 fieare
275 1572 429 1638 infestum
456 1594 564 1638 casum
581 1573 729 1642 Vaivode
756 1575 832 1638 olim
850 1574 1017 1656 Valaehie,
1042 1579 1097 1660 qui
1124 1578 1278 1647 adversus

146 1679 360 1764 Majestatem
384 1678 549 1760 Vestram,
591 1702 791 1764 regnumque
825 1688 966 1746 vestrum
1000 1689 1128 1749 tantum
1153 1684 1277 1750 facinus

145 1793 337 1872 perpetrare
354 1787 485 1852 molitus
502 1794 581 1852 erat.
599 1786 632 1851 N
635 1809 671 1853 os
687 1809 772 1868 vero,
789 1788 845 1872 qui
856 1810 972 1858 ‚amore
988 1791 1140 1875 precipuo
1156 1814 1195 1857 ao
1211 1794 1274 1857 sin-

146 1897 255 1979 gulari
273 1894 441 1961 affectione
459 1894 635 1960 Serenitati
651 1893 770 1962 Vestre
787 1896 927 1962 devincti
944 1919 1063 1979 sumus,
1080 1905 1114 1963 et
1130 1901 1186 1981 qui
1202 1922 1277 1983 pro-

145 2004 233 2069 feeto
250 2001 399 2068 felicibus
415 2002 511 2067 rebus
531 2002 690 2083 omnibus,
715 2003 897 2086 faustisque
923 2005 1126 2071 successibus
1152 2008 1274 2091 Majes·

148 2113 230 2177 tatis
248 2109 368 2177 Vestra
384 2109 527 2175 letamur
552 2111 799 2192 quammaxime,
825 2111 968 2176 adversis
988 2133 1064 2177 vero
1082 2133 1212 2197 semper
1227 2115 1274 2178 in-

146 2218 340 2300 doleremus,
371 2217 526 2282 habemus
552 2219 686 2302 gratias,
713 2223 746 2281 et
770 2216 900 2300 quidem
924 2219 1071 2300 ingentes
1098 2219 1277 2287 Serenitati

145 2325 269 2392 Vestre
284 2347 343 2408 pro
360 2325 616 2390 eomunieatione
633 2325 827 2408 hujusmodi,
846 2345 945 2411 quam
961 2346 981 2390 a
1006 2347 1065 2390 sua
1080 2327 1114 2390 in
1131 2347 1190 2392 nos
1216 2328 1272 2390 im-

145 2456 260 2500 mensa
294 2433 512 2498 benivolentia
547 2433 744 2515 processisse
778 2453 842 2497 non
868 2431 1064 2498 dubitamus.
1089 2434 1160 2500 Neo
1192 2435 1273 2500 satis

144 2542 282 2609 laudare
299 2561 371 2619 eam
391 2540 558 2623 possimus,
574 2559 633 2621 pre
664 2537 822 2604 adhibitis
841 2538 1000 2620 remediis,
1027 2561 1151 2623 proque
1167 2542 1272 2624 provi·

146 2651 291 2717 sionibus
316 2669 376 2732 per
401 2668 471 2712 eam
499 2646 603 2727 laetis,
623 2652 691 2712 tam
707 2648 740 2711 in
756 2645 904 2730 partibus
921 2646 1147 2713 Transilvanis
1174 2670 1273 2732 quam

148 2757 389 2840 Transalpinis,
404 2762 437 2820 et
453 2754 542 2834 alibi,
558 2761 595 2819 ut
613 2753 709 2820 rebus
724 2754 843 2838 Regni,
863 2754 1026 2838 salutique
1046 2760 1151 2822 status
1168 2757 1277 2836 vestri,

93 2841 103 2856 ι
148 2864 319 2930 Serenitas
336 2860 456 2928 Vestra
472 2883 538 2926 non
553 2861 659 2926 minus
682 2867 873 2944 opportune,
899 2882 996 2943 quam
1013 2863 1178 2946 sapienter
1204 2884 1277 2928 oon-

148 2971 296 3049 suluisse,
328 2967 572 3053 providisseque
588 2966 746 3032 videatur.
762 2967 939 3052 Reliquum
962 2974 1019 3051 est,
1045 2968 1132 3050 quod
1156 2960 1276 3052 Mejes'-

147 3089 252 3150 tatem
271 3079 425 3148 Vestram
441 3079 655 3144 certissimam
672 3098 742 3142 esse
759 3079 926 3157 voluimus,
944 3097 1016 3142 eam
1040 3099 1109 3142 esse
1135 3085 1276 3143 mentem

148 3196 305 3271 nostram,
320 3209 458 3270 eumque
479 3188 623 3261 animum
639 3206 767 3270 semper
782 3187 875 3252 nobis
891 3205 961 3250 esse
977 3184 1131 3267 futurum,
1158 3189 1195 3250 ut
1211 3207 1276 3251 om·
1309 3181 1314 3188 ’

148 3321 221 3364 nem
242 3295 512 3376 sublimationem,
538 3314 727 3376 omnemque
744 3292 951 3376 splendorem
967 3299 1000 3358 et
1017 3292 1155 3377 gloriam
1175 3291 1276 3360 Celsi-

149 3405 271 3473 tudinis
282 3404 402 3474 Vestro
413 3404 593 3467 nonminus
604 3423 702 3485 quam
717 3403 895 3485 proprium,
916 3401 1135 3486 gratissimam
1151 3417 1278 3488 semper

150 3535 188 3580 ae
202 3510 483 3597 jucundussimam
499 3508 647 3576 habituri
663 3531 781 3575 sumus.

261 3619 304 3704 ΔΓ
353 3621 416 3692 143
464 3654 507 3664 -
556 3621 572 3680 1
621 3650 664 3662 -
712 3622 740 3682 o.

259 3779 418 3848 (Velenezei
433 3779 517 3828 sillam
530 3779 587 3828 ltar
604 3779 705 3855 13541.)

636 4037 797 4056 ——---·w
