3292 5310
681 321 789 386 1458.
1264 325 1304 387 23

175 497 359 579 gradiensis
375 497 546 566 Vaciensis
562 503 595 561 et
610 497 735 564 Thome
753 499 794 564 de
818 499 952 566 Kuthus
969 462 1208 566 Canonicorum
1224 501 1248 567 J
1250 524 1306 566 au·

174 606 331 671 riensium
362 604 571 671 ecclesiarum
597 605 845 688 Canonicorum,
872 607 1089 673 Decretorum
1114 607 1306 688 Doctorum,

175 712 264 794 quod
280 714 321 777 ab
339 713 414 778 hinc
440 713 474 776 in
505 719 602 778 antea
627 720 660 778 et
685 714 836 797 deinceps
862 715 967 779 fidelis
999 721 1033 780 et
1063 714 1217 781 obediens
1248 736 1304 778 ero

176 818 278 885 Sacro
295 819 415 886 Sancte
435 820 585 885 Romane
610 826 643 885 et
669 820 839 886 Catholice
864 821 999 886 ecclesie
1021 844 1060 887 ac
1091 820 1305 887 Sanctissimo

175 927 319 994 Domino
336 934 450 994 nostro
473 925 616 994 Domino
633 927 759 994 Calisto
776 929 887 994 divina
902 929 1108 1012 providentia
1124 927 1215 1012 Pape
1241 933 1305 992 ter-

176 1036 234 1115 tio,
250 1037 383 1120 ejusque
394 1036 634 1102 successoribus
646 1034 810 1102 Canoniee
827 1038 1027 1103 intrantibus
1044 1044 1077 1103 et
1092 1039 1139 1103 eis
1156 1036 1305 1102 obedion-

175 1144 257 1208 tiam
273 1149 307 1208 et
323 1143 586 1209 conformitatem
602 1166 691 1209 more
707 1145 846 1232 aliorum
863 1143 1109 1210 Catholicorum
1136 1152 1168 1209 et
1193 1143 1304 1209 Chris-

178 1251 343 1316 tianorum
354 1250 485 1335 Regum
501 1253 535 1317 in
550 1253 677 1318 unitate
693 1253 872 1318 orthodoxe
888 1252 975 1333 fidei,
992 1274 1089 1336 quam
1105 1253 1176 1335 ipsa
1192 1257 1306 1316 sancta

176 1358 328 1423 Romana
344 1359 515 1425 Catholica
531 1365 565 1425 et
580 1359 764 1443 apostolica
781 1359 961 1440 confitetur,
986 1359 1135 1442 predicat
1150 1365 1183 1422 et
1207 1363 1305 1438 tanet,

176 1465 316 1531 fideliter
347 1466 535 1533 observabo.
564 1467 741 1551 Ipsumque
776 1467 982 1534 Catholicam
1023 1473 1056 1532 et
1088 1467 1304 1532 orthodoxam
1417 1531 1420 1536 .

177 1573 274 1638 fldem
290 1581 472 1657 protegere,
488 1575 573 1640 tueri
589 1582 622 1640 et
639 1575 814 1664 defendere
830 1577 902 1641 volo
918 1581 990 1641 toto
1005 1596 1111 1658 posse,
1135 1574 1305 1657 populum-

177 1703 238 1764 que
254 1681 333 1746 mihi
350 1682 532 1766 subjectum
549 1683 725 1748 secundum
750 1683 959 1766 prudentiam
984 1705 1005 1748 a
1029 1682 1101 1746 Deo
1127 1680 1238 1746 datam
1262 1681 1303 1744 ab

176 1787 325 1853 omnibus
342 1789 515 1872 erroribus,
540 1790 637 1854 sectis
664 1796 697 1854 et
722 1788 890 1856 heresibus
914 1796 947 1854 et
971 1789 1014 1853 ab
1041 1788 1115 1853 aliis
1141 1784 1303 1852 Articulis

179 1892 298 1960 Sancte
314 1895 460 1962 Romane
475 1897 623 1962 Ecclesia
641 1903 674 1962 et
689 1897 765 1961 fidei
784 1895 954 1962 Catholice
964 1895 1135 1961 contrariis
1144 1915 1305 1974 revocare,

178 2013 209 2071 et
225 2005 268 2071 ad
284 2027 358 2070 vere
374 2001 546 2070 Catholice
562 2013 594 2071 et
611 2007 773 2072 othodoxe
788 2005 865 2070 fidei
885 2004 1143 2071 observationem
1168 2024 1207 2066 ac
1231 1987 1304 2066 obe·

177 2113 341 2191 dimitiam,
373 2111 630 2179 conformitatem
662 2105 695 2178 et
728 2114 881 2178 unionem
916 2134 955 2177 ac
988 2111 1088 2176 ritum
1118 2109 1304 2191 cultumque

178 2220 300 2286 Sancte
315 2220 465 2287 Romane
480 2221 627 2287 Ecclesia
650 2221 803 2286 reducere
819 2227 851 2286 et
866 2220 1035 2284 restituere
1062 2217 1135 2282 volo
1163 2221 1197 2280 et
1212 2215 1303 2280 labo·

177 2329 268 2410 rabo,
284 2327 433 2411 daboque
450 2334 484 2393 et
494 2327 659 2394 adhibebo
675 2349 801 2393 omnem
817 2326 1022 2408 diligentiam
1038 2329 1075 2389 ut
1088 2324 1198 2389 omnia
1214 2344 1302 2404 pres-

179 2437 285 2520 cripta
302 2436 527 2519 compleantur
543 2442 613 2503 toto
644 2458 715 2502 meo
740 2457 835 2520 posse
860 2440 893 2499 et
918 2434 1084 2498 conamine
1109 2432 1151 2495 ad
1176 2429 1304 2495 laudem

177 2545 317 2627 gloriam
333 2550 366 2608 et
381 2544 537 2610 honorem
552 2544 616 2609 Dei
633 2551 665 2609 et
681 2543 725 2608 ad
740 2541 970 2609 exaltationem
986 2538 1104 2605 Sancta
1128 2543 1161 2603 et
1178 2535 1300 2602 Gathe-

178 2652 238 2716 lice
255 2652 341 2736 fidej,
359 2654 406 2718 sic
422 2675 473 2718 me
489 2650 581 2718 Deus
608 2652 742 2737 adjuvet
766 2657 799 2716 et
823 2651 883 2716 hec
908 2656 1022 2716 sancta
1045 2647 1111 2713 Dei
1135 2646 1302 2728 evangelia
1348 2657 1353 2665 ’

178 2759 327 2826 manibus
342 2762 423 2825 meis
440 2761 654 2844 corporaliter
669 2765 768 2824 tacta.
783 2758 825 2823 In
841 2756 937 2823 fidem
961 2762 1071 2821 autem
1102 2761 1135 2818 et
1158 2753 1303 2816 testimo·

177 2868 266 2932 nium
282 2869 415 2932 omnina
439 2869 704 2950 prescriptorum.
720 2867 793 2949 Ego
811 2863 974 2949 Georgius
987 2863 1110 2926 electus
1142 2859 1214 2923 Rex
1230 2880 1302 2941 pre·

179 2975 286 3039 dictus
302 2975 356 3038 hic
370 2965 457 3039 infra
473 2974 616 3057 sigillum
633 2995 739 3038 meum
754 2974 840 3038 bona
865 2978 898 3036 et
921 2969 1055 3054 propria
1080 2967 1245 3031 voluntate
1269 2970 1303 3027 et

179 3104 217 3146 ex
233 3088 324 3148 certa
340 3082 474 3146 scientia
490 3082 631 3164 appendi
657 3081 819 3146 mandavi.
843 3081 968 3145 Datum
992 3075 1100 3158 Prage
1125 3073 1177 3138 die
1203 3071 1304 3137 Vl-ta

178 3189 298 3254 mensis
315 3187 398 3272 Maij
419 3186 519 3254 Auno
536 3190 670 3256 Domini
685 3188 862 3254 Millesimo
878 3182 1196 3270 quadringentesimo
1212 3179 1304 3262 quin·

179 3297 364 3379 quagesimo
384 3302 507 3361 octavo.

179 3422 224 3486 Et
240 3441 301 3502 ego
318 3420 512 3486 Prothasius
528 3419 592 3486 Dei
609 3426 642 3486 et
658 3421 837 3504 apostolice

181 3526 273 3594 Sedis
290 3528 400 3610 gratia
416 3529 549 3594 Electus
567 3526 791 3594 Olomucensis
807 3524 943 3591 interlui

180 3641 211 3701 et
225 3637 458 3720 manupropria
474 3635 652 3720 subscripsi
668 3657 706 3701 ac
721 3635 847 3718 signeto
863 3653 934 3697 meo

181 3743 329 3825 sigillavi.

180 3887 252 3968 Dgo
267 3887 464 3954 Pizibislaus
481 3885 598 3953 Abbas
614 3886 770 3952 Lucensis
786 3884 919 3950 interfui

182 3999 213 4058 et
227 4015 326 4058 manu
340 3997 475 4079 propria
491 3995 667 4077 subscripsi
683 3999 716 4059 et
732 3993 883 4075 sigillavi.

760 4119 833 4198 Ego
851 4110 1028 4193 Procopius
1045 4106 1085 4171 de
1101 4102 1302 4170 Rabenstein

761 4220 894 4287 Domini
909 4216 997 4300 Regi
1014 4209 1242 4278 Cancellarius

762 4326 895 4394 interfui
911 4328 944 4388 et
959 4320 1092 4406 propria
1107 4337 1205 4381 mauu

761 4429 932 4518 subscripsi
949 4435 982 4493 ct
997 4428 1123 4508 signeto
1140 4421 1286 4506 sigillavi.
