3268 5308
672 692 722 752 78.

1 866 2 869 ’
130 846 228 912 1462.
255 845 459 912 Avolenczei
482 849 700 918 dllamtonctcr
725 878 746 917 a
766 857 874 939 pdpdt
899 879 920 919 a
945 855 1036 920 tdrdlo
1062 855 1157 920 alloni
1182 868 1259 942 r'r'py·

175 957 232 1019 teo
239 955 334 1041 fdleg
350 957 614 1046 Mopycrorsqu
624 963 811 1048 sepdlyeze'oe
828 962 1027 1030 tekintete'bo'l
1044 964 1212 1050 taddeitjo.

1 1105 2 1108 Ὺ
129 1150 475 1220 neocosmum
496 1154 722 1244 nunaut

240 1260 372 1330 Summo
388 1263 542 1330 Pontifici
558 1265 619 1330 Pio
636 1264 793 1332 Secundo.

130 1371 301 1455 Sapientes
321 1368 454 1454 OOllssilll
476 1377 508 1436 ei
609 1390 696 1474 Quid
715 1389 869 1456 hesterna
885 1391 936 1456 die
953 1390 996 1458 ad
1015 1391 1260 1459 Beatitudinem

224 1503 240 1538 ⁹
333 1483 355 1542 l·
371 1477 392 1542 f·
565 1499 720 1568 Vestram
730 1501 962 1583 scripserimus,
973 1501 1006 1565 in
1016 1501 1259 1584 responsionem

133 1570 508 1582 .--—-—·—·a——-—-

1 1613 2 1676 l
122 1608 315 1673 litterarum
331 1629 462 1672 suarum
477 1610 623 1691 proxime
640 1608 682 1675 ad
705 1629 763 1672 nos
788 1609 961 1675 missarum
986 1611 1068 1675 certi
1093 1608 1260 1676 reddimur

1 1717 2 1760 ³
127 1713 348 1782 Sanctitatcm
364 1713 516 1781 Vestram
541 1722 618 1782 ante
645 1716 707 1782 hac
729 1716 911 1801 intelligere
929 1718 1088 1800 potuisse3
1115 1721 1247 1800 present

125 1845 205 1888 vero
216 1824 268 1888 dic
279 1845 351 1888 cum
361 1823 402 1888 ab
414 1825 588 1890 secretario
599 1832 719 1903 nostro,
737 1846 799 1908 que
808 1825 929 1890 dudum
941 1825 1028 1908 apud
1039 1824 1178 1918 Regiam
1188 1824 1281 1890 Ma·-

121 1933 281 2016 jestatem
297 1930 469 2014 Hungarie
485 1933 654 2014 tenuimus
671 1932 890 2016 acceperimus
906 1933 1035 1998 litteras
1060 1932 1125 1998 diei
1150 1933 1260 2015 quarti

1 2118 2 2123 γ
126 2041 301 2125 presentis,
326 2039 420 2104 simul
433 2061 503 2104 cum
516 2043 613 2107 certis
623 2041 779 2124 exemplis
795 2039 981 2106 litterarum
998 2063 1056 2124 per
1074 2039 1258 2108 Vaivodam

1 2207 16 2226 „
126 2147 302 2216 Vallachie
313 2147 507 2230 scriptarum
517 2149 601 2231 Regi
612 2147 796 2232 Hungarie,
812 2149 968 2214 nonnulla
978 2170 1060 2214 nova
1070 2147 1177 2214 felicia
1188 2169 1260 2212 con-

15 2335 19 2338 ,
127 2255 313 2336 tinentium,
329 2262 463 2338 agentes
480 2277 553 2321 oum
568 2255 785 2322 Beatitudine
795 2255 918 2324 Vestra
938 2257 977 2322 de
997 2263 1147 2322 consueto
1168 2255 1260 2320 filiali

126 2384 219 2428 more
230 2367 351 2444 nostro,
358 2363 529 2428 statuimus
539 2386 577 2430 ea
591 2367 700 2431 omnia
707 2359 883 2431 Sanctitati
889 2364 1010 2432 Veslre
1021 2364 1260 2448 quamprimum

127 2470 322 2554 significare,
339 2493 402 2554 que
418 2473 591 2538 certissimi
607 2494 725 2553 sumus,
734 2495 794 2556 pro
810 2479 949 2555 paterna
960 2473 1029 2557 ejus
1047 2472 1185 2538 caritate
1197 2470 1259 2537 fer·
1372 2561 1373 2564 Ἴ

1 2587 2 2628 3
126 2579 283 2661 ventique
295 2578 506 2660 dispositione
516 2581 549 2645 in
566 2581 705 2646 salutem
722 2587 755 2646 et
765 2580 934 2647 commoda
944 2580 1122 2645 christiane
1132 2579 1261 2662 religio·

128 2687 182 2751 nia
198 2686 401 2769 perjucunda
418 2692 452 2752 ct
468 2687 657 2769 gratissima
672 2688 734 2754 sibi
751 2687 861 2752 futura
878 2709 957 2753 esse.
974 2687 1040 2752 Hic
1066 2687 1137 2770 ipsa
1162 2688 1261 2751 etiam

1 2803 3 2848 :
126 2815 213 2858 nova
238 2815 297 2876 per
323 2799 466 2860 vestram
483 2793 782 2878 Constantinopolis
798 2795 892 2861 nobis
909 2797 1095 2880 nuperrime
1112 2794 1261 2858 nuntiata

1 2888 3 2964 l
130 2906 210 2968 sunt
226 2903 283 2984 ita,
300 2906 337 2966 ut
353 2921 391 2965 ea
408 2923 486 2967 vera
503 2924 573 2968 esse
588 2910 767 2986 teneamus,
794 2903 873 2986 quid
892 2901 983 2968 Deus
1000 2909 1113 2968 noster
1138 2903 1261 2968 miseri-

127 3031 203 3074 cors
230 3030 291 3072 sua
316 3008 443 3074 infinita
470 3011 643 3076 clementia
659 3013 693 3076 in
712 3011 965 3077 sublevationem
980 3011 1093 3094 populi
1110 3012 1169 3092 sui,
1185 3033 1262 3076 nea

125 3115 356 3200 perfidissimis
373 3113 486 3183 Crucis
504 3117 650 3183 hostibus
666 3116 906 3201 pessumdetur,
922 3139 1100 3202 preparare
1110 3119 1261 3202 etdispo·

126 3245 207 3289 nere
223 3223 383 3304 videatur,
411 3245 450 3288 ex
474 3224 593 3289 litteris
619 3231 652 3288 et
683 3227 839 3309 exemplis
866 3226 945 3310 ipsis
962 3225 996 3292 S.
1013 3227 1136 3295 Vestra
1166 3226 1262 3309 plane
1354 3231 1355 3234 ’

126 3337 314 3415 cognoscet.
329 3331 501 3416 Intelliget
517 3353 673 3416 quosque,
703 3333 782 3417 quid
805 3333 878 3398 Rex
903 3335 1075 3420 Hungarie
1100 3336 1262 3398 instanter

8 3453 13 3458 '
125 3446 231 3525 petat,
247 3441 420 3524 qualisque
431 3441 474 3505 sit
490 3440 559 3524 ejus
576 3441 702 3506 animus
719 3447 752 3507 et
767 3443 904 3508 intentio
916 3443 959 3508 ad
975 3444 1151 3509 exercitum
1168 3464 1261 3506 suum

125 3547 308 3615 uniendum
334 3545 644 3632 conferrendumque
661 3569 732 3613 sese
753 3549 797 3614 ad
814 3548 1030 3616 Transilvane
1047 3557 1158 3634 partes
1184 3549 1235 3614 ini
1252 3586 1263 3598 -

126 3655 274 3738 seriores
295 3661 332 3720 ut
352 3657 450 3740 juxta
475 3656 721 3739 requisitionem
747 3655 880 3722 Domini
906 3657 1065 3725 Valachie
1090 3656 1175 3722 ferre
1201 3655 1263 3721 sibi

128 3784 235 3847 opem,
253 3769 285 3828 et
301 3761 484 3828 [lurcorum
500 3765 670 3830 conatibus
689 3765 841 3830 resistere
867 3765 979 3848 possit,
1005 3765 1032 3828 si
1056 3764 1264 3830 necessitates

129 3879 164 3937 et
181 3872 383 3940 conditiones
398 3871 502 3955 Regis
529 3872 671 3956 ejusdem
688 3893 727 3938 ac
752 3871 862 3956 Regni
888 3872 978 3938 illius
1005 3871 1037 3938 S.
1053 3870 1174 3938 Vestre
1199 3893 1264 3936 non

130 3987 241 4046 essent
256 3981 431 4066 notissime,
447 3985 481 4048 et
497 4003 560 4066 que
575 3981 724 4066 pericula
740 3979 800 4046 sibi
816 3980 913 4047 facile
930 3980 1117 4061 contingere
1127 3980 1262 4062 possint,

131 4089 255 4170 quippe
265 4088 299 4152 in
310 4089 481 4155 scribendo
491 4090 656 4176 longiores
667 4111 819 4156 essemus.
830 4086 879 4155 At
890 4089 1009 4154 scimus
1018 4086 1264 4152 Beatitudinem

130 4195 290 4262 Vestram
305 4219 366 4280 pro
383 4219 443 4262 sua
459 4197 647 4265 admirabili
658 4199 819 4283 sapientia
830 4204 981 4264 etrerum
991 4195 1132 4260 omnium
1148 4194 1265 4259 intelli·

133 4303 248 4386 gentia
274 4304 497 4396 omnialonge
511 4307 628 4372 melius
645 4306 837 4390 intelligere,
857 4325 955 4389 quam
970 4325 1029 4370 nos
1045 4302 1168 4369 referre
1192 4323 1265 4386 pos·

135 4431 256 4492 semus,
272 4412 307 4478 id
321 4418 431 4478 tamen
450 4413 546 4480 solita
569 4414 760 4480 sinceritate
777 4419 810 4479 et
825 4411 1038 4496 integerrima
1054 4409 1267 4493 dispositione

20 4565 24 4572 ‚
131 4523 250 4585 nostra
273 4519 308 4584 in
333 4519 393 4601 his,
419 4543 481 4607 que
507 4521 674 4588 commoda
699 4522 838 4588 nominis
864 4519 1035 4587 christiani
1061 4523 1266 4598 concernant,
