3292 5310
398 331 440 392 60
749 344 983 392 urruouaczrar
999 329 1170 387 nuutuun.

397 504 590 572 Serenitati
603 505 849 589 promissarum,
874 500 1146 586 quemadmodum
1168 502 1238 586 jam
1263 501 1391 590 plenius
1404 501 1528 570 Vestra

397 611 577 680 Sanctitati
590 611 779 696 significavi.
797 610 903 694 Spero
913 611 952 674 ,in
962 609 1111 676 omnibus
1127 632 1179 676 me
1189 610 1237 676 ita
1246 615 1424 696 gesturum,
1441 610 1532 693 quod

397 718 565 786 Sanctitas
581 719 705 788 Vestra
720 719 906 785 firmissime
921 723 1101 801 cognoscet,
1127 725 1251 802 quanta
1267 718 1374 786 sitris
1399 718 1477 785 fidei
1496 724 1531 784 et

398 825 588 912 devotionis,
604 849 702 911 quam
719 824 763 892 ad
779 825 870 891 illam
887 831 920 890 et
930 824 1084 892 Sanctam
1095 823 1214 891 Sedem
1224 821 1453 914 Apostolicam
1470 827 1530 893 ha-

395 935 465 1000 beo.
481 933 517 1002 Si
534 955 601 1020 qua
611 935 677 1000 alia
687 955 746 1018 per
757 953 808 999 me
819 932 946 1016 agenda
956 931 1029 1014 sint,
1046 930 1213 998 Sanctitas
1223 930 1346 1000 Vestra
1355 932 1530 1031 rescribat7

397 1047 439 1112 ad
454 1044 513 1110 illa
528 1044 719 1127 exequenda
734 1043 971 1127 paratissimus,
988 1044 1015 1107 si
1032 1063 1105 1123 non,
1122 1043 1217 1108 rebus
1235 1041 1323 1110 circa
1349 1042 1531 1126 imperato·

396 1175 464 1220 rem
481 1153 642 1237 expeditis
659 1150 701 1217 ad
717 1149 934 1217 Sanctitatem
944 1148 1100 1218 Vestram
1111 1171 1208 1234 quam
1219 1150 1361 1233 primum
1372 1156 1530 1234 revertar,

395 1281 494 1345 quam
509 1261 627 1325 mirum
642 1259 676 1322 in
692 1259 823 1324 modum
838 1257 949 1322 videre
965 1258 1060 1341 cupio
1076 1265 1110 1324 et
1126 1278 1199 1323 suos
1225 1257 1449 1330 sanctissimos
1473 1281 1531 1343 pe·

396 1369 453 1433 des
485 1367 677 1434 deosculari.
702 1365 776 1432 Pax
799 1369 863 1432 ista
888 1363 1083 1432 Beatissimo
1107 1365 1210 1430 Pater
1234 1366 1384 1432 omnibus
1416 1367 1530 1450 potius

395 1475 601 1556 miraculosa,
616 1496 715 1560 quam
730 1473 874 1540 humana
889 1474 958 1542 visa
974 1477 1022 1538 est
1048 1472 1088 1539 ob
1115 1494 1272 1556 expensas
1297 1473 1403 1540 factas
1429 1481 1463 1540 et
1478 1476 1530 1540 in-

395 1588 509 1664 gentes
524 1582 635 1666 copias
652 1587 784 1664 paratas
801 1586 834 1646 et
850 1581 928 1665 quia
954 1563 1054 1645 totius
1082 1578 1260 1646 Germanic
1286 1581 1468 1646 destructio
1493 1588 1530 1648 et

396 1688 518 1754 eversio
536 1691 647 1753 secuta
662 1687 788 1754 fuisset.
818 1689 1008 1770 Eapropter
1024 1707 1134 1752 omnes
1159 1687 1324 1771 principes
1351 1691 1385 1752 et
1410 1689 1527 1773 populi

396 1793 436 1861 de
461 1815 540 1878 paee
566 1796 630 1860 ista
655 1795 830 1860 maximam
855 1794 995 1860 letitiam
1011 1800 1045 1859 et
1058 1794 1296 1878 jucunditatem
1311 1795 1528 1879 preseferunt‚

396 1908 429 1968 et
444 1903 564 1968 nedum
578 1903 611 1968 in
631 1902 692 1968 hae
709 1901 862 1982 Ciuitate,
878 1923 991 1967 rerum
1007 1902 1041 1965 in
1056 1901 1191 1984 reliquis
1217 1893 1366 1967 omnibus
1387 1899 1526 1970 Alama-

395 2010 448 2074 uie
464 2010 654 2094 dignissima
671 2010 764 2092 signa
780 2009 989 2075 exultationis
1008 2007 1209 2087 ordinarunt,
1236 2031 1339 2094 quare
1366 2010 1527 2079 divinitus

396 2117 458 2183 hoc
473 2117 596 2185 factum
613 2117 827 2198 arbitrantur,
843 2123 880 2182 ut
894 2116 1103 2200 paratissime
1128 2117 1219 2201 copie
1245 2116 1289 2184 ad
1315 2119 1426 2184 omnia
1451 2120 1527 2204 igne

396 2230 429 2289 et
444 2223 531 2289 ferro
548 2224 748 2291 devastanda
765 2227 797 2288 et
822 2221 866 2287 ad
896 2221 1156 2288 crudelissimum
1182 2223 1303 2289 bellum
1327 2246 1527 2310 prosequen-

396 2330 482 2415 dum,
498 2331 577 2398 itae
595 2331 731 2414 vestigio
748 2332 813 2396 siut
830 2329 872 2395 ad
889 2328 1119 2395 saluberimam
1134 2351 1251 2414 pacem
1265 2353 1428 2400 converse.
1453 2333 1489 2400 N
1490 2356 1527 2402 ec

395 2439 428 2501 in
443 2440 681 2521 presentiarum
698 2438 858 2522 prolixior
873 2459 938 2520 erc,
955 2438 1034 2520 quia
1049 2443 1143 2521 pater
1153 2459 1245 2504 meus
1256 2439 1422 2524 Magister
1432 2441 1526 2508 Hen-

395 2545 491 2627 ricus,
508 2546 564 2626 qui
581 2545 728 2611 omnibus
744 2545 895 2612 interfuit
912 2550 945 2610 et
960 2544 1091 2628 prefuit,
1108 2564 1232 2612 summa
1247 2569 1320 2613 cum
1344 2548 1526 2631 prudentia
1642 2567 1643 2570 ’

384 2655 428 2716 ἐἰ
443 2651 651 2717 exactissima
666 2653 837 2736 diligentia
852 2653 892 2717 de
908 2652 1147 2718 conditionibus
1173 2653 1264 2737 pacis
1290 2661 1324 2722 et
1348 2655 1424 2722 aliis
1451 2659 1526 2739 qui·

394 2757 581 2843 buscunque
606 2781 716 2825 eoram
742 2758 961 2826 Sanctitatem
975 2757 1132 2827 Vestram
1156 2760 1356 2845 informabit,
1381 2763 1523 2846 pedibus

395 2867 485 2951 cujus
516 2890 568 2934 me
592 2870 729 2951 genibus
753 2868 845 2933 flexis
871 2867 1077 2932 devotissime
1108 2870 1366 2938 reccommando.
1397 2871 1522 2939 Datum

393 2973 607 3058 Nurimbergi
622 2975 682 3040 XI.
698 2973 782 3059 Julij
799 2970 1100 3040 MOOOOLVIIII

439 3077 480 3144 G.
496 3078 537 3146 V.
555 3079 748 3146 Sanctitatis

1036 3188 1246 3255 devotissima
1261 3189 1401 3257 factura·
1500 3275 1505 3282 ¹

946 3295 979 3362 S.
996 3298 1241 3380 protonotarius
1259 3297 1300 3364 de
1315 3297 1479 3366 Nardinis

501 3403 713 3472 sanctissimo
731 3411 830 3490 atque
847 3403 1108 3470 Clementissimo
1124 3403 1266 3471 Domino
1283 3403 1408 3474 Nostro
1418 3409 1521 3492 Pape.

502 3566 630 3626 (Milenti
644 3569 728 3619 allam
740 3569 816 3632 ltrir.)
