3268 5308
377 303 440 366 104
729 315 964 361 oresonaczmr
981 299 1149 358 anabuns.

373 478 688 562 pretermitteremus
720 497 780 558 pro
811 495 891 558 pace
918 474 1074 558 predicta,
1098 490 1159 554 pro
1188 488 1253 548 qua
1278 464 1413 530 reddere
1443 463 1506 528 sibi

374 587 521 651 volumus
538 603 673 669 magnas
690 584 828 667 gratias,
842 589 874 647 et
889 603 954 646 non
970 581 1157 647 dubitamus
1174 599 1213 642 ex
1230 577 1292 642 hac
1313 574 1430 638 unione
1448 591 1508 634 sua

374 694 476 758 multa
500 694 588 759 bona
611 673 766 773 ¹subsequi
800 712 902 774 posse,
928 691 1067 772 licetque
1092 686 1126 750 id
1160 707 1224 750 non
1249 688 1421 766 opportere
1451 700 1506 761 pu·

326 815 329 822 '
374 809 497 866 temus:
524 802 694 865 hortamur
711 805 820 862 tamen
836 797 1074 864 Excellentiam
1092 795 1193 860 Suam
1209 813 1270 876 pro
1286 791 1392 854 multa
1409 787 1508 853 affec·

375 909 462 973 tione
478 913 512 972 et
528 907 673 972 fraterne
690 927 799 971 amore
815 911 935 986 nostre,
961 911 998 968 ut
1018 904 1051 968 in
1078 900 1140 968 hoo
1165 922 1224 966 suo
1249 897 1409 964 laudabili
1434 915 1510 980 pro-

375 1017 481 1100 posito
499 1013 638 1079 debono
655 1013 688 1077 in
705 1014 818 1078 melius
833 1019 1025 1096 perseveret.
1315 1022 1320 1031 '

482 1120 539 1188 Ad
550 1129 675 1207 partem
687 1121 962 1187 ballistrariorum
974 1125 1005 1185 et
1016 1117 1294 1202 selopeteriorum,
1312 1114 1367 1198 qui
1393 1118 1511 1196 petun-

375 1237 430 1296 tur
440 1239 590 1314 respectu
601 1231 710 1311 Turci,
721 1229 961 1314 respondemus,
973 1228 1061 1311 quod
1071 1228 1215 1309 licetpro
1226 1225 1346 1291 virtute
1364 1228 1397 1285 et
1412 1221 1511 1286 solita

376 1337 646 1420 magnanimitate
663 1336 1044 1403 Illust1·.Dominationis
1061 1334 1126 1401 Suc
1144 1356 1182 1399 ac
1197 1355 1257 1417 pro
1274 1333 1340 1396 situ
1355 1326 1512 1414 passibus

376 1452 409 1510 et
420 1445 659 1511 conditionibus
670 1447 814 1512 locorum
826 1451 858 1511 et
868 1445 1070 1511 territorium
1082 1463 1214 1508 suorum
1229 1463 1294 1506 non
1310 1438 1510 1516 dubitemus,

375 1557 501 1618 attenta
520 1553 618 1617 etiam
644 1554 870 1639 conjunctione
895 1559 928 1618 et
951 1553 1037 1618 bona
1061 1552 1181 1616 unione
1207 1547 1298 1613 facta
1323 1568 1395 1614 cum
1413 1544 1505 1609 dioto

375 1661 478 1744 Rege,
505 1661 592 1744 quod
617 1662 651 1725 in
676 1683 803 1726 omnem
824 1682 934 1726 casum
950 1660 1089 1725 viriliter
1106 1680 1140 1723 se
1157 1655 1324 1741 prevalere
1351 1657 1512 1737 poterunt

375 1774 408 1830 et
422 1769 507 1831 tueri
524 1773 646 1832 statum
663 1790 756 1834 suum
773 1776 887 1834 contra
903 1767 1067 1848 Turcum;
1085 1766 1269 1832 advisamus
1290 1769 1401 1828 tamen
1417 1763 1511 1846 ipsos

379 1873 583 1956 spectabiles
595 1874 758 1954 Oratores,
777 1877 864 1961 quod
880 1876 1042 1959 principes
1054 1880 1085 1940 et
1095 1875 1240 1956 potentie
1251 1873 1431 1937 christiane
1441 1871 1513 1953 jam

377 1982 560 2047 excitantur
587 1985 629 2048 ad
653 1984 887 2067 providendum
912 1989 1064 2067 potenter
1092 1987 1206 2046 contra
1233 1981 1377 2046 'furcam
1402 1984 1435 2042 et
1451 1997 1512 2042 nos

376 2110 504 2172 quoque
520 2112 580 2172 pro
597 2098 693 2173 parte
710 2098 823 2156 nostra
839 2113 900 2174 pro
912 2092 1039 2156 comuni
1050 2090 1134 2156 bono
1145 2088 1398 2154 christianitatis
1410 2086 1511 2152 hono·

375 2219 444 2262 rem
453 2196 518 2262 Dei
531 2197 639 2265 facere
650 2199 855 2281 intendimus,
865 2220 929 2264 non
940 2199 1103 2281 parcendo
1115 2197 1266 2282 periculis
1277 2218 1337 2262 nec
1348 2195 1499 2279 expensis

377 2311 409 2368 et
434 2305 521 2371 ultra
546 2307 633 2389 quod
658 2308 692 2371 in
720 2306 975 2372 satisfactionem
995 2305 1116 2389 prefati
1131 2304 1354 2371 Illustrissimi
1370 2302 1507 2370 Domini

375 2411 478 2477 Ducis
495 2435 604 2478 sumus
621 2415 703 2480 bene
720 2414 874 2495 contenti,
891 2413 980 2496 quod
995 2434 1056 2496 pro
1067 2413 1204 2478 tuitione
1216 2414 1264 2480 sui
1275 2418 1380 2477 status
1393 2419 1509 2478 contra

376 2519 461 2582 hune
478 2519 620 2586 Turcum
637 2523 677 2587 de
692 2523 772 2588 locis
789 2522 910 2589 nostris
926 2521 1048 2588 habere
1064 2522 1170 2604 possit
1188 2522 1229 2586 de
1245 2521 1458 2605 ballistrarijs
1475 2526 1509 2584 et

378 2626 580 2711 sclopeterijs
606 2649 665 2711 pro
690 2632 835 2713 pecuniis
861 2633 938 2713 suis,
969 2632 1116 2710 dicimus,
1148 2629 1237 2712 quod
1269 2650 1397 2713 semper
1424 2628 1510 2712 quod

375 2735 555 2801 videbimus
581 2736 614 2800 in
640 2736 710 2820 ejus
727 2739 1007 2821 oportunitatibus
1023 2744 1171 2823 prestare
1188 2738 1252 2803 sibi
1267 2759 1363 2820 posse
1379 2737 1507 2806 favores

376 2850 512 2925 nostros,
538 2845 573 2909 id
598 2844 739 2910 libenter
764 2843 929 2928 faciemus,
955 2847 1116 2929 quomodo
1142 2850 1175 2911 et
1200 2845 1358 2910 honorem
1377 2852 1411 2910 et
1427 2867 1511 2910 com·

374 2951 471 3016 moda
502 2973 561 3016 sua
593 2952 677 3018 sicut
702 2955 837 3038 propria
863 2954 1103 3034 desideramus3
1128 2954 1270 3036 licetque
1296 2975 1369 3019 oum
1399 2955 1508 3020 Turco

376 3057 467 3122 aliud
484 3059 694 3124 concordium
710 3083 776 3126 non
787 3061 975 3142 babeamus,
985 3084 1046 3127 nec
1062 3060 1163 3126 exhis
1178 3081 1241 3144 que
1251 3060 1355 3126 videri
1366 3067 1510 3145 possunt,

375 3164 521 3228 habituri
541 3165 648 3245 simus,
664 3172 774 3233 tamen
791 3171 832 3235 ob
851 3170 895 3250 id,
913 3169 1001 3253 quod
1018 3169 1111 3233 nobis
1128 3168 1192 3233 dici
1207 3167 1287 3252 fecit
1303 3172 1330 3232 si
1348 3168 1434 3234 forte
1452 3171 1510 3234 ali·

377 3291 440 3353 quo
456 3277 602 3354 tempore
618 3273 715 3338 aliter
732 3283 931 3363 sequeretur,
948 3278 1088 3344 libenter
1114 3277 1270 3342 faciemus
1284 3277 1378 3360 juxta
1403 3279 1509 3364 requi-

377 3377 530 3442 sitionem
553 3376 669 3444 suam.¹
716 3464 718 3469 Ι
1246 3445 1248 3450 ,

483 3483 580 3552 Oirca
596 3496 723 3571 partem
739 3493 884 3560 locorum
906 3500 1102 3575 nostrorum,
1129 3515 1191 3576 que
1213 3498 1330 3577 petunt
1346 3515 1425 3560 casu
1443 3518 1508 3579 quo

375 3612 433 3674 per
445 3591 587 3658 Turcum
605 3597 781 3679 pelleretur
798 3623 837 3665 ex
848 3608 937 3666 statu
954 3623 1020 3682 suo,
1039 3601 1185 3682 dicimus
1203 3601 1291 3683 quod
1308 3601 1508 3685 confidimus

375 3704 412 3762 ut
427 3701 627 3782 prediximus
643 3704 677 3768 in
693 3706 804 3774 divina
822 3708 993 3773 elementia
1009 3715 1043 3772 et
1057 3708 1091 3772 in
1102 3709 1223 3773 virtute
1240 3715 1273 3774 et
1283 3710 1433 3792 potentia
1449 3731 1509 3777 sua

359 3810 408 3888 ¹et
434 3806 571 3872 aliorum
595 3810 824 3894 predictorum,
850 3814 937 3896 quod
963 3835 1057 3878 casus
1083 3813 1146 3878 iste
1163 3837 1329 3897 nunquam
1346 3825 1506 3882 occurret.

375 3913 490 3998 Imm0,
515 3919 602 3999 quod
627 3919 834 3986 Excellentia
851 3919 917 3986 Sua
942 3943 974 3986 se
999 3920 1181 4004 prevalebit
1203 3929 1235 3987 et
1251 3925 1459 3990 conservabit
1474 3927 1509 3990 in

375 4028 464 4088 statu
489 4046 557 4108 suo,
593 4029 678 4094 sicut
703 4034 775 4094 tota
799 4034 906 4094 mente
932 4029 1163 4112 desideramus,
1195 4037 1343 4098 attamen
1369 4033 1397 4096 si
1421 4032 1508 4098 forte

376 4132 466 4213 quod
491 4134 586 4216 absit,
603 4135 701 4200 aliter
723 4137 888 4202 videretur
912 4158 1009 4220 posse
1036 4155 1216 4218 occurrere,
1233 4139 1350 4204 erimus
1377 4161 1507 4224 semper

372 4237 452 4303 bene
468 4241 622 4321 contenti,
639 4242 724 4324 quod
745 4265 817 4308 cum
843 4265 992 4326 persona,
1007 4244 1096 4328 filijs,
1112 4243 1246 4326 familia,
1265 4245 1364 4312 rebus
1391 4253 1425 4312 et
1450 4249 1507 4314 bo-

372 4345 422 4408 nis
438 4347 514 4427 suis,
540 4348 746 4430 omniumque
763 4371 894 4413 suorum
909 4370 968 4431 per
985 4354 1091 4416 terras
1108 4357 1142 4415 et
1157 4351 1230 4417 loca
1255 4358 1369 4417 nostra
1396 4375 1431 4418 se
1457 4378 1506 4420 re-

375 4448 491 4520 ducere
506 4455 610 4541 possit
627 4455 669 4523 ad
683 4455 788 4520 locum
805 4462 952 4524 nostrum
967 4456 1095 4542 Liesne,
1113 4457 1196 4526 siout
1212 4458 1312 4528 etiam
1329 4460 1414 4530 alias
1441 4461 1506 4531 sibi
