3256 5304
746 365 980 412 clairmanum
998 352 1166 409 sirinnan.

925 565 997 624 139.

396 693 491 756 1463.
518 688 718 753 Avelcnczea'
743 687 963 750 dllamtancics
988 685 1318 771 Mapyarcrsacipaalc
1343 710 1363 748 a
1388 686 1517 749 corallia

391 797 708 883 naepve'dclmrztele'se
724 796 864 881 appeten
888 793 1048 880 Leapyel-,
1075 793 1167 858 Caeli·
1193 795 1225 856 c's
1252 793 1516 880 Ne'rnetcrsadpba

716 905 874 969 kaveleket
891 904 1028 968 baldoni
1055 905 1199 967 balatroz.
1273 941 1275 944 -

393 1063 656 1132 MOOOLXIII.
673 1063 725 1128 die
742 1063 884 1134 XXIII.
901 1062 1003 1130 Junii.

502 1171 697 1256 Quanquam
724 1171 975 1238 existimandum
995 1170 1046 1252 sit,
1073 1166 1247 1236 Oratorem
1273 1176 1421 1236 nost-rum
1437 1171 1520 1254 apud
1598 1169 1600 1179 '

395 1282 645 1348 Serenissimum
662 1281 835 1363 Hungarie
860 1281 985 1363 Regem
1011 1279 1149 1344 multum
1174 1278 1330 1362 prodesse
1355 1301 1458 1364 posse,
1482 1302 1519 1343 ne

394 1413 466 1456 cum
484 1391 611 1456 Teucro
627 1391 670 1455 ad
686 1412 799 1474 pacem
816 1390 975 1469 deveniat,
991 1395 1102 1454 tamen
1118 1388 1144 1452 si
1161 1387 1312 1453 videntur
1329 1411 1362 1452 se
1379 1387 1523 1472 opprimi,

395 1522 434 1565 ac
449 1500 535 1564 lauti
553 1500 674 1564 inimici
692 1499 826 1584 impetui
853 1498 1006 1566 resistere
1032 1520 1094 1563 non
1113 1519 1214 1581 posse,
1240 1520 1300 1562 nec
1326 1497 1388 1564 sibi
1413 1519 1523 1581 oppor-

394 1613 476 1671 tuna
492 1606 635 1689 presidia
652 1607 783 1690 parari:
810 1605 1027 1671 dubitandum
1052 1606 1257 1671 vehementer
1283 1611 1340 1686 est,
1366 1627 1407 1670 ne
1430 1605 1523 1670 aliam

395 1717 479 1780 viam
496 1716 607 1798 capiat
622 1736 695 1779 oum
718 1714 820 1782 totius
838 1714 1109 1796 Christianitatis,
1136 1736 1175 1779 ac
1201 1720 1311 1779 nostro
1336 1715 1523 1796 gravissimo

396 1824 552 1908 periculo,
577 1846 640 1907 que
657 1823 801 1906 presidia
815 1824 908 1889 nulla
923 1846 963 1888 ex
979 1828 1073 1907 parte
1089 1824 1136 1889 ita
1154 1821 1329 1902 commode,
1356 1823 1404 1888 ita
1419 1823 1523 1888 celeri-

396 1937 447 1996 ter
472 1931 586 1996 haberi
611 1939 759 2014 possunt,
790 1931 851 1996 nisi
884 1954 923 1996 ex
954 1931 1105 2015 partibus
1131 1931 1277 2012 Polonie,
1303 1931 1460 1997 Bohemie
1490 1954 1526 1997 ac

399 2038 587 2106 Germanic.
1134 2054 1137 2058 ·

506 2148 726 2232 Quamobrem
746 2149 837 2214 vadit
853 2172 940 2234 pars,
967 2148 1054 2232 quod
1078 2149 1112 2212 in
1137 2147 1198 2212 hoc
1215 2145 1362 2213 Oonsilic
1390 2148 1525 2232 eligatur

397 2281 480 2322 unus
497 2264 611 2322 noster
628 2255 760 2338 Orator,
777 2259 832 2340 qui
848 2257 892 2322 ad
907 2257 982 2321 illas
997 2263 1110 2340 partes
1127 2261 1160 2320 et
1180 2257 1350 2340 Principes
1376 2257 1524 2322 accedere

398 2365 517 2430 debeat
532 2387 605 2429 cum
621 2363 678 2429 illo
695 2362 860 2446 mandato,
878 2364 967 2445 quod
982 2363 1010 2427 ei
1027 2385 1085 2446 per
1112 2363 1173 2428 hoo
1190 2361 1369 2428 Consilium
1397 2365 1526 2430 dabitur

398 2472 440 2537 ad
455 2472 639 2538 incitandos
657 2493 711 2538 eos
729 2473 908 2554 Principes,
934 2479 970 2537 ut
986 2473 1029 2538 ad
1045 2477 1114 2536 tam
1142 2471 1357 2554 salutiferum,
1383 2495 1525 2539 necessa·

399 2583 547 2665 riumque
579 2580 765 2646 Christiane
790 2579 974 2664 Religionis
1000 2601 1090 2664 opus,
1115 2579 1243 2646 favores
1270 2602 1344 2646 suos
1380 2589 1526 2664 prestare

399 2689 507 2754 velint.
534 2686 668 2752 Habeat
696 2708 798 2770 equos
823 2687 922 2770 XVI,
948 2693 1136 2772 computato
1161 2688 1290 2754 notario
1317 2711 1392 2754 cum
1409 2688 1528 2755 famulo

399 2818 458 2862 suo
476 2802 508 2862 et
523 2795 676 2862 recedere
692 2802 852 2880 teneatur,
872 2799 1080 2882 quandoper
1097 2797 1288 2864 Dominium
1308 2799 1338 2862 ei
1364 2795 1529 2864 mandabi-

400 2912 464 2986 tur,
483 2907 540 2991 qui
565 2927 721 2989 equorum
747 2929 900 2973 numerus
927 2929 985 2972 nec
1009 2928 1067 2990 per
1095 2906 1155 2972 hoc
1172 2905 1364 2990 Consilium,
1390 2929 1451 2972 nec
1476 2927 1529 2990 per

400 3015 544 3097 quemvis
560 3015 661 3080 alium
677 3014 809 3081 modum
826 3015 876 3080 vel
892 3016 977 3080 viam
997 3016 1109 3097 augeri
1127 3017 1231 3099 possit
1249 3013 1309 3080 sub
1326 3036 1413 3098 pena
1438 3015 1531 3080 duca·

401 3127 510 3186 torum
527 3123 777 3207 quingentorum
804 3120 936 3188 cuilibet
962 3121 1211 3187 contrafacienti
1238 3144 1296 3206 per
1321 3123 1532 3188 advocatores

403 3251 587 3294 communes
604 3229 673 3294 sine
689 3230 756 3295 ullo
773 3231 907 3296 consilio
925 3229 1164 3314 exigendarum.

509 3335 679 3404 Scribatur
694 3343 845 3422 preterea
862 3337 998 3404 Oratori
1013 3345 1125 3404 nostro
1148 3338 1329 3422 Hungarie,
1346 3317 1436 3423 quod
1462 3359 1532 3422 cap·

402 3449 473 3510 tato
489 3450 635 3528 tempore
650 3443 698 3508 illi
716 3443 930 3510 Serenissimc
946 3445 1033 3530 Regi
1058 3446 1217 3530 optimam
1233 3451 1374 3512 mentem
1390 3452 1534 3512 nostram
1615 3429 1617 3472 ³

403 3573 482 3637 erga
499 3550 599 3618 Suam
615 3551 834 3618 serenitatem
850 3551 1018 3619 declarare
1045 3553 1173 3634 debeat,
1198 3577 1258 3620 nos
1285 3555 1372 3619 ultra
1398 3577 1447 3635 ea,
1475 3573 1534 3638 que

403 3683 462 3744 per
488 3659 661 3727 Oratorem
689 3666 835 3728 nostrum
861 3661 948 3744 apud
975 3661 1142 3728 Summum
1168 3661 1363 3728 Pontificem
1389 3661 1533 3744 quotidie
1615 3681 1617 3758 p

403 3770 528 3834 instare
558 3767 703 3851 facimus,
726 3768 899 3834 Oratorem
925 3776 1071 3835 nostrum
1090 3770 1132 3836 ad
1159 3770 1399 3854 suprascriptas
1425 3777 1534 3856 partes
1615 3763 1617 3850 i

403 3879 532 3944 mittere
549 3876 748 3942 deliberasse
765 3875 807 3942 ad
827 3877 1014 3943 excitandos
1032 3900 1087 3944 eos
1114 3877 1346 3944 serenissimos
1369 3878 1480 3962 Reges
1505 3882 1535 3942 et

405 3986 586 4070 Principes,
602 3991 640 4050 ut
655 3984 799 4069 presidia
815 4007 874 4051 sua
894 3985 1064 4069 Majestati
1082 3985 1148 4052 Sue
1166 3985 1321 4052 exhibere
1338 3987 1449 4068 velint,
1477 4008 1536 4070 que
1616 3989 1617 4028 ³

405 4095 562 4177 consequi
579 4115 643 4160 non
659 4093 856 4160 dubitamus.
873 4093 953 4158 Ideo
971 4093 1131 4178 Majestas
1151 4093 1219 4160 Sua
1235 4097 1269 4160 in
1297 4118 1353 4160 suo
1381 4095 1538 4160 Christia-
1616 4113 1617 4116 ’

406 4203 538 4268 nissimc
570 4203 739 4284 proposito
765 4207 950 4268 constanter
978 4207 1174 4285 perseveret,
1200 4226 1298 4286 quum
1325 4203 1413 4287 apud
1431 4203 1538 4268 Deum

408 4311 558 4392 gratiam,
590 4309 677 4393 apud
710 4332 784 4375 vero
810 4309 995 4374 universum
1021 4309 1131 4375 orbem
1159 4311 1375 4380 immortalem
1401 4313 1538 4396 gloriam
1614 4305 1617 4376 l

410 4424 633 4501 consequetur.
1615 4411 1617 4438 ³

516 4525 678 4615 Departc
725 4565 766 4572 —
815 4566 857 4574 -
905 4532 954 4597 63.
