3268 5308
715 357 949 411 menonxczmr
966 342 1132 405 anebsan.

900 649 952 713 73.

354 785 457 868 Ml.
492 783 519 844 Α
547 781 697 846 ceienczei
730 778 949 841 attaminatos
984 773 1113 836 calana
1142 792 1162 830 a
1184 771 1278 854 pcipe
1310 764 1493 843 kbvete'nek,

368 887 692 974 trappas-oranaim·
708 911 725 948 a
744 885 833 946 tarot·
852 883 941 945 ellani
951 881 1133 957 bardita'sn,
1149 879 1181 942 e‘e
1192 902 1211 940 a
1223 871 1493 941 borodi-bosaniai

778 991 877 1075 rippale
893 988 1080 1073 ta‘rpyu‘ban.

368 1153 621 1222 MCOCOLXI.
637 1152 688 1216 die
704 1149 824 1216 XXX.
843 1149 867 1214 J
869 1148 1008 1230 anuarij.

369 1265 541 1348 Sapientes
557 1259 692 1344 001¹⁸ffij
711 1257 748 1323 01³3
864 1274 961 1358 Quod
978 1269 1156 1355 Magnifice
1174 1270 1308 1337 Oratori
1332 1267 1497 1350 pontificis

798 1383 937 1460 maximi,
959 1382 1015 1466 qui
1031 1380 1073 1444 ad
1089 1379 1285 1462 presentiam
1301 1383 1446 1441 nostram
1463 1395 1497 1438 se

369 1497 516 1578 contulit,
532 1503 566 1560 et
581 1495 667 1558 circa
683 1494 868 1556 missionem
883 1491 1004 1572 Legati
1019 1489 1053 1552 in
1070 1487 1278 1570 Hungariam
1294 1491 1430 1550 conatus
1448 1490 1499 1548 est

371 1604 505 1670 multum
516 1599 694 1686 justificare
702 1597 836 1664 Sumum
842 1597 1089 1675 Pontificem,ex
1100 1593 1340 1659 conditionibus
1352 1598 1383 1655 et
1394 1611 1501 1654 neces·

372 1710 526 1777 sitatibus
551 1710 619 1774 suis
647 1729 834 1772 asseverans
850 1706 1000 1790 pluribus
1016 1704 1198 1769 rationibus
1214 1702 1377 1785 Legatum
1393 1701 1500 1782 ipsum

373 1840 436 1882 non
462 1838 531 1882 esse
557 1815 748 1881 mittendum
781 1815 905 1897 absque
937 1813 1117 1896 provisione
1148 1812 1368 1894 pecuniarum,
1402 1829 1502 1892 quam

374 1925 553 1990 Beatitudo
572 1921 639 1988 Sua
664 1945 723 2006 pro
748 1943 833 1986 nunc
854 1921 961 1986 facere
977 1943 1041 1985 non
1056 1925 1174 2003 potest,
1200 1918 1256 1982 sed
1273 1917 1359 2000 quod
1375 1939 1435 2000 per
1450 1917 1503 1980 lit-

375 2039 464 2098 teras
481 2053 545 2096 non
562 2028 685 2093 desinet
695 2030 859 2094 exhortari
871 2029 1050 2110 Hungaros
1062 2026 1104 2092 ad
1113 2026 1386 2109 perseverandum
1399 2031 1433 2088 et
1443 2028 1505 2100 eet,

376 2139 611 2220 subsequenter
627 2137 714 2200 circa
729 2135 774 2200 X.
791 2135 876 2199 XX.
893 2142 926 2200 et
941 2132 1067 2198 XXX.
1083 2135 1174 2212 dixit,
1191 2131 1414 2215 quodquando
1431 2154 1504 2196 cum

377 2248 487 2329 aliquo
505 2245 597 2328 Rege
623 2250 655 2308 et
680 2245 854 2326 potentatu
872 2241 1050 2305 christiano
1066 2241 1265 2305 indiceretur
1282 2245 1313 2304 et
1329 2239 1423 2304 fieret
1439 2239 1505 2304 bel-

377 2354 443 2417 lum
461 2351 577 2432 Turco,
595 2356 768 2416 contentus
785 2349 849 2412 erit
864 2350 897 2412 in
913 2349 975 2412 hoc
990 2349 1084 2414 nobis
1100 2347 1298 2412 satisfacere.
1315 2346 1413 2413 Circa
1429 2370 1504 2411 vero

377 2461 595 2542 provisionem
605 2461 814 2542 pecuniarum
825 2478 884 2540 pro
896 2457 1040 2522 subsidio
1052 2479 1159 2521 rerum
1170 2456 1352 2540 Hungarie,
1369 2457 1506 2520 Bossine

379 2573 411 2629 et
432 2565 532 2628 Ducis
553 2564 679 2630 Stefani
696 2567 845 2651 quesivit,
870 2572 1028 2649 quantum
1048 2566 1157 2648 potuit
1177 2565 1349 2630 honestare
1369 2563 1506 2629 Sumum

380 2669 581 2753 Pontificem,
605 2693 824 2755 excusareque
851 2695 924 2738 eum
950 2695 1022 2737 cum
1047 2673 1280 2736 necesitatibus
1297 2677 1331 2736 et
1351 2671 1506 2754 gravibus

380 2781 539 2865 expensis,
567 2777 684 2862 quibus
700 2779 876 2862 implicitus
894 2787 951 2862 est,
976 2781 1168 2863 demumque
1185 2782 1272 2844 omni
1288 2779 1460 2845 verborum
1476 2781 1507 2842 vi

380 2889 505 2956 hortari
522 2895 554 2953 et
570 2889 723 2954 inducere
740 2910 798 2953 nos
816 2889 943 2953 studuit
954 2889 997 2953 ad
1007 2887 1225 2954 adhibendam
1237 2911 1369 2972 operam
1379 2910 1507 2952 omnem

380 3005 526 3089 nostram
552 2998 638 3061 circa
662 3019 776 3080 pacem
802 2996 909 3079 Regni
926 2995 1037 3061 Sicilie
1054 3003 1086 3062 et
1102 2997 1202 3080 Regis
1218 2996 1430 3078 Fordinandi,
1456 2997 1510 3059 vix

382 3110 522 3168 mentem
533 3104 657 3169 Summi
669 3105 847 3183 Pontificis,
863 3106 932 3168 sine
943 3106 1033 3189 cujus
1054 3106 1100 3170 rei
1116 3105 1314 3188 perfectione
1330 3127 1395 3169 non
1411 3105 1509 3186 videt,
1608 3127 1613 3133 ·

384 3233 444 3276 nec
460 3211 616 3293 intelligit
631 3209 811 3277 Beatitudo
830 3211 907 3295 Sua,
934 3215 1108 3296 quiequam
1133 3212 1203 3278 fieri
1228 3234 1323 3296 posse
1350 3215 1436 3276 circa
1462 3233 1510 3290 ea,

384 3340 446 3400 que
473 3319 622 3402 superius
644 3319 735 3382 dicta
761 3327 845 3401 sunt,
875 3322 1147 3404 quemadmodum
1174 3320 1249 3384 huic
1266 3319 1412 3385 Consilio
1429 3317 1512 3384 rela-

386 3432 531 3492 tumeat.
556 3426 825 3508 Respondeatur:

492 3532 589 3616 Quod
613 3555 769 3600 memores
796 3560 916 3618 eorum,
945 3559 1009 3620 que
1025 3537 1222 3621 Magnificus
1248 3537 1335 3602 idem
1354 3537 1511 3603 Oratora

385 3642 556 3724 principio,
582 3643 632 3706 cui
659 3645 701 3708 ad
718 3667 777 3710 nos
795 3646 952 3710 adventus
969 3652 1063 3730 parte
1082 3645 1252 3710 Pontificis
1268 3645 1418 3725 Maximi,
1444 3650 1512 3706 tam

386 3749 492 3831 ample
517 3749 609 3814 nobis
629 3753 744 3816 retulit
760 3753 799 3816 de
816 3755 946 3836 optimo,
973 3753 1274 3836 ferventissimoque
1290 3753 1458 3836 proposito
1474 3751 1513 3816 Β.

386 3853 453 3921 Sue
477 3856 520 3921 ad
544 3858 761 3939 provissiones
787 3858 954 3924 faciendas
971 3867 1086 3925 eontra
1102 3861 1229 3924 hostem
1246 3859 1425 3924 christiane
1441 3861 1515 3925 reli-

386 3965 500 4048 gionis,
524 3964 675 4049 quodque
691 3967 724 4030 in
741 3967 854 4032 haere
871 3988 1192 4032 commemoraremus
1210 3974 1244 4032 et
1260 3967 1516 4050 patefaceremus

385 4079 526 4138 mentem
543 4079 697 4152 nostram,
713 4074 873 4156 quomodo
890 4072 1057 4140 Sanctitas
1069 4075 1136 4140 Sua
1153 4076 1194 4141 ad
1211 4077 1318 4140 onmia
1336 4097 1369 4140 se
1386 4097 1517 4158 promp-

318 4177 323 4184 '
387 4181 547 4244 tissimam
563 4178 747 4260 offerrebat,
774 4183 896 4244 sincere
913 4187 945 4244 et
961 4180 1103 4248 fideliter
1120 4183 1259 4247 diximus
1277 4187 1310 4245 et
1326 4184 1519 4246 memoravi-

387 4306 458 4350 mus
482 4287 680 4368 provisiones
706 4293 737 4350 et
757 4287 910 4366 remedia,
936 4309 998 4369 que
1014 4311 1074 4371 pro
1091 4311 1175 4353 nunc
1192 4289 1377 4355 necessaria
1391 4289 1519 4372 judica-

388 4391 501 4474 bimus,
518 4399 554 4456 nt
564 4392 728 4476 gravibus,
738 4393 1044 4478 imminentibusque
1055 4398 1208 4479 periculis
1218 4417 1325 4460 rernm
1337 4396 1520 4479 Hungarie,
1584 4422 1589 4426 ·

388 4498 456 4560 sine
481 4499 597 4580 quibus
624 4499 664 4563 de
688 4499 774 4567 felici
801 4504 889 4568 exitu
905 4508 1014 4567 sancte
1032 4505 1244 4586 expeditionis
1260 4526 1376 4587 parurn
1393 4505 1521 4586 sperari
