3292 5310
654 335 748 408 llas.
1228 339 1266 408 15

139 521 175 586 ut
191 541 230 586 ea
245 514 280 584 in
295 514 356 586 hoc
381 525 494 588 sancto
520 539 617 602 opere
647 524 813 589 remissior
844 543 916 589 esse
946 543 1012 588 non
1042 522 1137 590 velit:
1168 544 1268 608 quam

139 632 266 693 tantam
281 627 479 712 dignitatem
494 627 595 710 decet,
610 631 794 696 meminerit
810 651 845 696 se
870 632 1014 697 omnium
1038 630 1182 696 fidelium
1215 631 1267 696 de-

137 734 372 802 fendendorum
388 742 495 819 caput,
512 742 662 820 preterca
678 737 879 804 defensorem
905 739 948 805 ad
979 761 1017 844 qo
1049 743 1267 821 constitutam,

137 865 198 927 pro
216 868 280 930 quo
296 846 392 910 multi
408 847 599 930 sanguinem
623 845 786 927 fuderant,
812 853 869 912 aut
892 849 993 913 vitam
1022 850 1163 915 maxima
1193 871 1266 914 cum

137 953 246 1036 gloria
261 973 407 1038 posuere.
423 953 527 1018 Ferat
549 953 650 1037 igitur
665 953 721 1018 diu
745 954 930 1037 expeditum
956 961 1171 1037 opportunum
1197 978 1267 1039 pre-

138 1061 265 1128 sidium.
282 1061 444 1128 Hortetur
460 1063 603 1145 reliquos
619 1062 781 1145 principes
808 1060 973 1127 Oatolicos
1004 1063 1047 1126 ad
1073 1063 1268 1130 obviandum

41 1159 44 1164 ’
137 1170 241 1234 crucis
253 1169 402 1250 inimicis,
412 1175 449 1234 ut
459 1168 499 1234 de
509 1174 617 1234 cetero
635 1190 708 1234 cum
725 1168 842 1234 effectu
858 1168 1013 1234 auxilium
1028 1175 1183 1253 prestent,
1203 1194 1268 1236 non

138 1279 224 1343 enim
247 1277 390 1361 policitis
416 1272 555 1357 auxiliis,
586 1277 702 1343 sedin
728 1278 911 1360 conspectu
928 1277 1132 1344 radiantibus
1167 1280 1266 1346 armis

138 1391 286 1451 tenentur
316 1387 436 1451 hostes.
484 1385 609 1450 Turcus
641 1386 727 1450 enim
768 1390 955 1470 contemptu
1001 1387 1175 1469 paucitatis
1206 1407 1265 1451 nos

138 1492 275 1578 aggredi
299 1499 443 1573 conatur,
470 1495 526 1577 qui
551 1494 628 1557 dum
652 1493 765 1558 ulcisci
790 1493 924 1559 iniurias
955 1495 1082 1578 nititur,
1111 1495 1266 1560 tuendum

139 1608 198 1683 est,
214 1623 255 1666 ne
272 1623 331 1666 nos
348 1602 544 1684 principium
560 1600 662 1667 cladis
674 1601 839 1667 Oristiane
854 1601 963 1684 faciat,
980 1603 1067 1686 quod
1077 1601 1119 1668 ne
1129 1605 1265 1683 eveniat,

138 1731 207 1774 rem
224 1710 325 1776 etiam
341 1715 487 1775 nostram
502 1732 574 1774 cum
590 1708 734 1792 periculo
755 1708 898 1774 fidelium
915 1731 1028 1776 curare
1054 1710 1165 1792 decet3
1191 1731 1265 1775 ean-

138 1817 211 1882 dem
227 1819 315 1883 enim
329 1817 409 1882 belli
425 1839 556 1882 causam
572 1817 707 1901 reliquis
723 1817 873 1882 fidelibus
889 1838 960 1881 cum
976 1817 1078 1896 hoste,
1095 1823 1193 1902 atque
1209 1840 1266 1883 no-

137 1924 189 1990 bis
206 1947 284 1990 esse.
310 1925 365 2003 ,nt
381 1931 467 1991 certe
483 1926 712 2009 quantominus
737 1926 805 2010 ejus
831 1927 986 2008 impactus
1012 1924 1265 2009 propulsabitur,

138 2037 231 2098 tanto
247 2032 340 2098 illum
355 2034 482 2117 majora
497 2035 699 2130 munimenta
715 2041 748 2099 et
763 2034 970 2118 receptacula
994 2033 1082 2125 belli¹
1090 2031 1192 2098 futuri
1208 2031 1264 2098 ha·

137 2141 288 2206 bitorum.
303 2140 427 2207 Datum
442 2141 537 2206 Budc
556 2144 605 2206 14.
622 2140 760 2224 Aprilis.

247 2286 377 2347 (Miranti
392 2287 477 2337 allam
490 2286 567 2347 nar.)

625 2468 729 2474 ...ω-4-...
744 2466 783 2473 ...a

679 2702 729 2766 11.

140 2851 237 2915 1458.
255 2847 375 2935 Lippa.
406 2843 554 2934 Szilci'pyi
569 2844 700 2931 Milutly
714 2845 806 2910 levale
822 2868 843 2910 a
854 2844 963 2931 papst
979 2843 1120 2908 kdootbez
1136 2867 1158 2906 a
1174 2840 1265 2908 tarot

384 2955 465 3018 ellac
481 2955 662 3018 iactitando
677 2953 828 3017 keresztes
843 2952 909 3016 bad
926 2953 1026 3021 traua

247 3113 369 3200 (Copia
393 3115 564 3179 literarum
588 3111 734 3178 Illustris
759 3112 894 3178 Domini
920 3109 1156 3178 Gubernatoris
1172 3109 1264 3175 Hun-

136 3225 229 3305 garie
273 3221 317 3288 ad
345 3221 664 3287 Reverendissimum
695 3221 872 3287 Dominum
907 3216 1117 3284 Cardinalem
1152 3217 1265 3284 Sancti

137 3329 261 3413 Angeli
276 3329 439 3414 Legatum
455 3335 514 3395 etc.
532 3327 607 3414 ect.)

245 3438 528 3506 Reverendissime
544 3437 646 3503 Pater
662 3444 696 3502 et
704 3439 841 3503 Domine
850 3435 956 3527 Nobis
967 3434 1165 3509 honorande.
1182 3431 1266 3498 Cum

133 3547 205 3630 jam
221 3547 370 3629 repetitis
386 3545 508 3612 vicibus
524 3547 686 3611 novitates
701 3543 797 3610 valde
814 3543 915 3609 ardue
931 3565 969 3608 ex
979 3548 1073 3626 parte
1087 3541 1266 3608 sevissimo·

136 3676 208 3720 rum
228 3661 396 3720 turcorum
414 3655 456 3721 ad
474 3674 531 3720 nos
546 3654 753 3738 pervenerint
762 3654 797 3716 in
808 3674 855 3734 eo,
874 3658 911 3717 ut
920 3653 983 3736 ipsi
992 3652 1076 3716 turci
1085 3650 1266 3716 omniorum

138 3761 220 3849 (igy)
237 3764 418 3846 potentiam
435 3765 468 3828 in
486 3763 756 3846 periclitationem
776 3761 871 3845 hujus
882 3761 990 3844 Regni
1001 3765 1033 3825 et
1042 3760 1143 3824 totius
1155 3754 1265 3820 Chris-

136 3871 304 3937 tianitatis
346 3870 512 3955 (gentibus
543 3868 693 3955 armatis)
735 3869 979 3953 quamplurimis
1024 3866 1085 3930 hoc
1114 3863 1266 3945 Regnum

120 3973 310 4066 'Hungarie
336 3981 498 4047 vastaturi
518 3981 702 4046 subintrare
734 3984 897 4062 satagunt.
928 3978 976 4041 Et
998 3975 1060 4039 hoc
1091 3971 1177 4037 idem
1207 3991 1264 4052 per

137 4097 242 4156 certos
285 4096 417 4156 nostros
460 4089 591 4154 nuntios
633 4086 870 4153 aerissimiliter
918 4081 1139 4161 inteleximus3
1193 4099 1265 4142 cum

137 4204 284 4264 attamen
315 4194 471 4265 Vestram
495 4196 736 4262 Paternitatem
776 4200 943 4276 tamquam
978 4189 1107 4257 adhoc
1132 4209 1152 4252 a
1179 4185 1264 4253 Sede

137 4307 319 4388 apostolica
353 4307 494 4385 missam,
534 4304 568 4369 in
604 4310 671 4369 tam
698 4301 809 4366 arduis
834 4300 974 4384 negotiis
1001 4294 1264 4361 Christianitatis

136 4413 316 4479 remedium
332 4411 485 4478 adhibere
501 4433 594 4496 posse
609 4407 796 4476 credamus:
813 4408 887 4473 ideo
903 4405 1060 4474 Vestram
1076 4402 1264 4468 Paternita-

135 4528 203 4590 tem
232 4522 371 4587 multum
404 4520 578 4604 diligenter
612 4519 807 4603 requirimus
838 4522 871 4582 et
902 4534 1063 4598 rogamus,
1104 4519 1265 4598 quatenus
