3256 5304
412 360 476 436 “25'4
765 390 1001 438 nrrnoueczmr
1017 359 1184 434 suntme

518 547 573 612 Ad
600 570 667 611 rom
692 548 749 611 lilii
777 549 921 626 dicimus,
948 549 1034 630 quod
1052 545 1322 629 cognoscentibus
1340 542 1432 606 nobis
1449 536 1533 605 clare

410 657 651 736 dissensionem,
676 677 772 738 quam
798 679 870 720 cum
895 679 933 719 eo
960 657 1130 734 habuerat,
1157 654 1253 718 fuisse
1279 674 1410 716 causam
1425 651 1534 713 damni

410 769 514 827 status
540 766 599 843 sui,
625 765 754 844 quando
781 765 998 828 intelleximus
1024 785 1136 846 pacem
1163 762 1228 827 Sue
1245 762 1450 826 Excellentie
1467 781 1534 823 curn

409 873 467 936 illo
493 871 623 952 factem,
649 874 742 937 letati
769 894 833 936 non
861 873 1069 936 mediocriter
1095 871 1222 936 fuimus.
1255 871 1381 937 Verum
1408 867 1535 951 quando

408 987 521 1062 postea
547 981 641 1044 nobis
666 982 847 1045 nuntiatum
865 979 936 1058 fuit,
963 983 1066 1064 ipsum
1084 980 1185 1044 filium
1203 1001 1295 1043 suum
1312 1000 1377 1041 uon
1394 978 1535 1062 acquies-

409 1108 488 1168 cere,
509 1110 567 1152 nec
583 1088 622 1152 de
639 1109 718 1171 pace
735 1090 806 1171 ipsa
823 1095 911 1154 stare
928 1095 1125 1168 contentum,
1152 1087 1338 1152 dubitantes
1356 1085 1456 1150 talem
1473 1086 1535 1150 dis-

409 1196 554 1260 cordiam
579 1218 648 1260 esse
664 1219 761 1280 posse
777 1197 914 1261 totalem
930 1199 1056 1261 ruinam
1074 1219 1175 1278 suam,
1191 1217 1251 1280 pro
1266 1201 1379 1259 nostra
1394 1197 1428 1258 in
1444 1194 1534 1257 illum

408 1304 635 1384 benivolentia,
658 1304 832 1370 Oratorem
858 1312 1003 1370 nostrum
1020 1305 1062 1368 ad
1079 1303 1179 1370 Suam
1199 1303 1436 1367 Excellentiem
1452 1302 1535 1366 misi-

408 1432 478 1474 mus
489 1432 549 1492 pro
563 1411 721 1491 ejusmodi
732 1411 924 1476 differentiis
935 1410 1171 1494 componendis,
1184 1417 1221 1474 ut
1231 1416 1336 1476 status
1346 1431 1422 1474 suus
1432 1416 1534 1488 tutus,

409 1538 606 1600 securusque
627 1516 828 1599 redderetur,
854 1519 957 1602 deque
973 1519 1130 1603 ejusmodi
1147 1518 1322 1584 concordia
1338 1539 1402 1583 non
1420 1540 1534 1601 parum

408 1627 660 1691 conteutemeuti
687 1627 866 1707 habuimus,
893 1627 1241 1711 considerantibusque
1267 1628 1318 1702 his
1333 1626 1534 1710 temporibus

406 1732 507 1798 talem
538 1735 818 1816 perturbationem
850 1736 984 1818 majoris
1016 1735 1162 1800 scandali
1195 1735 1440 1800 suscitationem
1468 1753 1534 1797 esse

406 1861 509 1921 posse,
530 1841 930 1925 aninradvertentibusque
947 1843 1025 1926 quid
1042 1864 1100 1925 per
1117 1841 1295 1906 discordias
1312 1862 1371 1924 per
1389 1841 1534 1923 elapsum
1621 1925 1623 1934 γ

407 1947 572 2030 acciderit,
590 1955 810 2032 quantumque
827 1951 972 2014 deterius
989 1951 1135 2016 accidere
1152 1955 1279 2032 posset:
1296 1949 1533 2014 Excellentiem
1622 1939 1623 1950 ¹

407 2052 506 2119 Suam
521 2054 666 2124 fraterne
683 2079 844 2140 rogamus,
861 2058 949 2140 quod
964 2064 1134 2141 postquam
1154 2064 1257 2123 status
1273 2057 1329 2122 ille
1345 2058 1378 2121 in
1395 2055 1456 2121 filii
1472 2077 1534 2120 me·

406 2183 465 2225 nus
491 2162 646 2245 pervenit,
673 2166 729 2245 qui
747 2187 846 2230 causa
861 2165 975 2230 salutis
992 2187 1049 2230 sue
1066 2187 1135 2230 esse
1153 2171 1263 2248 posset
1279 2171 1313 2228 et
1329 2164 1426 2228 aliter
1443 2164 1534 2228 ruine

407 2270 551 2352 majoris,
579 2272 667 2352 qnod
691 2295 751 2355 pro
767 2275 913 2356 presenti
930 2295 1035 2355 aequo
1053 2274 1160 2338 animo
1176 2272 1262 2336 ferre
1279 2273 1365 2350 velit,
1383 2293 1486 2354 quum
1503 2271 1532 2332 iu

406 2375 469 2442 Dei
479 2378 649 2445 clementia
660 2386 692 2444 et
702 2387 751 2445 tot
762 2382 1013 2446 christianorum
1025 2382 1240 2464 apparatibus
1251 2400 1429 2463 speramus,
1448 2378 1533 2459 quod

405 2491 533 2550 tantum
559 2487 599 2552 de
625 2489 746 2554 inimici
764 2496 853 2555 statu
870 2491 1048 2572 aquiretur,
1075 2489 1162 2573 quod
1179 2487 1336 2571 ejusmodi
1353 2485 1533 2551 differentis

406 2613 465 2674 per
490 2593 577 2658 illius
604 2597 816 2678 partitionem
841 2599 947 2680 aptari
975 2619 1034 2681 per
1050 2597 1132 2662 bene
1148 2601 1311 2680 poterunt,
1339 2617 1398 2678 pro
1416 2594 1533 2677 quibus
1618 2635 1622 2672 -,

405 2702 636 2784 componendis
662 2702 817 2768 faciemus
843 2727 977 2788 semper,
1003 2707 1156 2788 quiequid
1174 2706 1250 2770 boni
1267 2704 1359 2768 nobis
1376 2702 1533 2786 possibile
1620 2683 1622 2774 l

403 2808 511 2890 fuerit,
537 2816 574 2874 ut
599 2812 684 2874 inter
711 2811 948 2877 Excellentiam
974 2811 1074 2878 Suam
1101 2819 1133 2877 et
1157 2812 1258 2877 filium
1275 2813 1317 2875 sit
1332 2811 1391 2876 illa
1406 2811 1486 2875 unio
1503 2815 1534 2873 et

404 2939 479 3000 pax,
496 2939 559 3000 que
577 2920 663 2985 iuter
679 2926 806 3003 patrem
823 2928 856 2986 et
871 2920 972 2985 filium
987 2922 1062 3005 jure
1079 2924 1202 3004 optimo
1219 2943 1288 2986 esse
1305 2920 1410 2984 debet.
1620 2903 1622 2926 ⁴

511 3026 563 3092 De
575 3013 650 3093 loco
666 3026 802 3093 Almisii
819 3028 962 3110 dicimus,
988 3030 1075 3112 qnod
1092 3031 1222 3111 quando
1239 3029 1329 3094 locus
1346 3027 1402 3092 ille
1419 3033 1533 3092 nostro
1620 3021 1622 3098 ξ

404 3133 546 3199 dominio
563 3157 597 3200 se
614 3139 753 3221 subegit,
779 3139 986 3221 promisimus
1004 3161 1057 3203 eos
1074 3138 1133 3203 sub
1151 3139 1273 3203 ditione
1289 3139 1392 3202 nostri
1408 3137 1533 3202 domini
1621 3173 1622 3176 =

403 3262 611 3325 conservare;
636 3268 695 3310 nec
720 3245 867 3312 videmus
893 3247 1031 3326 modum,
1058 3246 1220 3329 quomodo
1246 3245 1453 3310 Excellentie
1470 3243 1532 3309 Sue

402 3347 536 3413 honeste
554 3352 742 3418 satisfacere
758 3357 939 3438 possimus:
955 3377 1054 3437 quum
1070 3362 1158 3420 esset
1173 3362 1287 3420 contra
1302 3353 1533 3436 promissiones
1621 3343 1622 3370 *

398 3463 545 3539 'nostres3
562 3480 670 3525 verum
688 3484 748 3544 pro
764 3469 876 3528 nostro
893 3465 926 3527 in
943 3463 1034 3528 illum
1051 3484 1160 3528 amore
1177 3464 1206 3526 ei
1217 3463 1356 3527 libenter
1368 3459 1533 3525 offerimus
1619 3459 1621 3524 l

400 3570 566 3646 receptum
589 3567 622 3631 in
648 3591 908 3653 unamquemque
933 3577 1097 3636 terrarum
1124 3578 1156 3636 et
1181 3572 1326 3636 locorum
1343 3574 1532 3634 nostrorum

400 3677 467 3735 tam
485 3671 653 3741 Dalmatie
681 3673 791 3763 [quam
817 3679 959 3742 omnium
986 3679 1126 3743 aliorum
1152 3680 1319 3743 civitatum
1337 3684 1369 3742 et
1385 3678 1532 3742 locorum
1619 3703 1621 3764 ]

401 3779 600 3869 nostrorum]
625 3805 685 3866 pro
712 3782 776 3849 Sue
801 3785 1013 3866 Excellentie,
1040 3807 1235 3869 suorumque
1258 3786 1401 3851 omniurn
1417 3785 1531 3851 tutela.

507 3890 558 3955 De
582 3891 709 3955 triremi
736 3891 873 3955 dicimus
890 3892 1128 3958 Excellentianr
1146 3893 1247 3960 Suam
1275 3895 1397 3977 optime
1413 3893 1531 3959 intelli·
1619 3917 1621 3940 1

400 4017 476 4081 gere
493 3996 620 4078 debere,
637 3998 831 4082 quandoque
848 3999 899 4064 his
916 4001 1118 4082 temporibus
1135 4002 1238 4085 galeis
1255 4024 1335 4086 opus
1351 4003 1531 4067 habeamus
1619 4023 1621 4066 1

401 4105 597 4169 semanimo
614 4127 758 4187 numero,
776 4105 849 4172 ideo
866 4128 931 4172 non
941 4129 1035 4192 posse
1047 4110 1252 4191 requisitioni
1262 4131 1319 4175 sue
1329 4111 1530 4176 satisfacere.

399 4212 533 4293 Verum,
551 4215 577 4277 si
595 4215 666 4294 quis
676 4235 770 4278 casus
781 4213 961 4281 accideret:
978 4223 1102 4281 certam
1118 4217 1344 4282 essevolumus
1354 4218 1529 4283 Excellen·
1619 4237 1621 4250 ⁴

397 4321 479 4384 tiam
496 4319 605 4403 Suam,
631 4322 719 4404 quod
739 4343 798 4404 pro
815 4329 928 4386 nostro
945 4345 1024 4406 erga
1040 4324 1130 4389 illem
1147 4344 1257 4389 amore
1275 4326 1304 4389 ei
1320 4326 1472 4390 adminus
1489 4327 1530 4390 de
1619 4411 1620 4418 ἵ

397 4448 462 4492 una
479 4429 575 4510 galea
592 4429 842 4511 providebimus,
866 4437 903 4495 ut
930 4453 972 4511 se,
995 4454 1134 4514 suosque
1150 4434 1277 4498 salvare
1294 4435 1405 4518 possit,
1432 4433 1528 4498 sicuti
1619 4487 1620 4520 3

398 4557 483 4598 anno
500 4536 644 4617 presenti
660 4536 803 4600 lecimus.
