3314 5300
379 411 444 472 310
734 427 968 472 nrrnonsozmr
984 413 1151 470 ammiras.

377 592 486 651 autem
511 587 683 652 materiam
709 585 863 651 tenebitis
880 586 1132 651 secretissimam
1150 583 1237 668 apud
1253 605 1319 664 vos,
1344 603 1404 646 nec
1421 580 1505 663 quic-

376 716 476 777 quam
501 695 535 759 in
563 716 602 760 ea
618 693 731 778 agetis,
757 694 820 761 nisi
837 733 880 743 -
896 694 979 760 sicut
995 693 1135 759 diximus
1152 728 1195 739 -
1212 690 1286 775 pref
1302 696 1357 756 tus
1374 689 1504 756 nuntius

376 802 483 868 Ducis
500 802 585 868 istuc
602 824 636 868 sc
652 802 823 871 conferret.

486 910 529 995 ΔΓ
578 917 618 976 ro
666 950 709 960 -
755 915 776 975 4
823 947 865 958 -
913 915 943 974 e.

379 1078 397 1136 3
416 1068 707 1171 Sapiffloessffit
801 1087 1000 1156 Advisamus
1016 1094 1168 1172 preterea
1183 1109 1239 1153 vos
1256 1087 1505 1154 serenissimum

339 1232 342 1244 ι
377 1197 420 1262 D.
430 1196 676 1264 Ferdinandum
687 1197 821 1280 Regem,
837 1219 897 1280 per
913 1219 959 1278 ea,
976 1219 1039 1280 que
1055 1195 1184 1261 cuidam
1194 1202 1306 1261 nostro
1318 1195 1505 1262 Secretario

377 1327 436 1390 per
453 1304 616 1386 quendam
644 1306 713 1390 ejus
731 1304 950 1372 Secretarium
977 1305 1041 1370 dici
1067 1303 1156 1386 fecit5
1181 1305 1374 1386 desiderare,
1401 1303 1510 1369 facere

377 1411 619 1478 matrimonium
646 1435 719 1479 cum
745 1414 809 1479 isto
826 1412 1040 1480 Serenissimo
1057 1412 1198 1477 Domino
1214 1411 1307 1497 Rege
1325 1411 1507 1496 Hungarie,

378 1528 411 1584 at
436 1543 495 1603 per
518 1520 656 1587 eundem
681 1522 831 1604 Regium·
849 1519 1244 1605 Secretarium,nomine,
1269 1525 1306 1585 ut
1330 1520 1399 1603 ipse
1426 1519 1512 1584 dixit

378 1628 479 1711 ipsius
497 1629 602 1712 Regie
618 1629 808 1714 Majestatis
834 1630 874 1694 de
900 1651 999 1714 opera
1015 1636 1049 1695 et
1064 1629 1313 1713 interpositione
1329 1635 1444 1694 nostra
1460 1649 1510 1692 re·

378 1737 490 1820 quisiti
522 1758 641 1818 sumus,
683 1758 816 1820 operam
846 1738 951 1822 ipsam
984 1743 1017 1802 et
1047 1737 1328 1821 interpositionem
1359 1742 1507 1802 nostram

378 1850 528 1928 prompte
545 1843 654 1909 offerri
670 1843 804 1910 fecimus
821 1867 880 1928 per
895 1845 1000 1928 ipsum
1011 1845 1231 1912 Secretarium
1246 1850 1402 1926 nostrum,
1419 1851 1452 1909 et
1468 1844 1510 1909 ab

337 1947 339 1957 ¹
380 1950 448 2017 Sua
464 1952 641 2036 Majestate
666 1948 859 2036 responsum
875 1959 1089 2038 expectamus,
1115 1975 1179 2037 quo
1196 1953 1320 2035 habito,
1346 1953 1437 2018 vobis
1454 1953 1511 2017 da-

378 2061 484 2128 bimus
500 2061 786 2144 partioulariorem
802 2062 964 2126 noticiam.
988 2063 1063 2128 Hoc
1080 2067 1199 2144 autem,
1216 2061 1304 2144 quod
1321 2060 1411 2126 vobis
1427 2060 1511 2126 alla-

377 2175 447 2233 tum
464 2175 523 2249 est,
540 2169 588 2236 ita
605 2169 695 2235 vobis
710 2169 911 2235 declaratum
928 2169 1086 2251 volumus,
1103 2171 1186 2236 sicut
1202 2191 1260 2235 nos
1277 2169 1310 2234 id
1325 2169 1509 2248 habuimus

378 2276 532 2357 volentes,
558 2277 643 2360 quod
669 2299 741 2344 cum
766 2277 831 2342 illis
856 2279 969 2360 verbis,
997 2302 1058 2362 que
1084 2279 1174 2345 vobis
1201 2283 1280 2362 apta
1296 2277 1365 2341 visa
1380 2275 1510 2359 fuerint,

378 2383 554 2451 notificetis
579 2387 633 2451 isti
649 2385 863 2452 Serenissimo
879 2387 972 2470 Regi,
999 2410 1070 2452 oum
1096 2409 1160 2471 quo
1178 2385 1220 2450 ad
1236 2383 1378 2450 officium
1395 2391 1508 2450 nostre

378 2494 602 2560 benevolentie
627 2495 793 2578 pertinere
813 2493 997 2579 judicamus
1015 2516 1205 2579 quecunque
1222 2499 1403 2575 occurrunt,
1431 2515 1510 2576 qua·

380 2600 555 2686 liaounque
572 2604 645 2682 sint,
661 2579 907 2669 communicare.

489 2713 644 2822 ÷43

487 2871 645 2933 (Velenczei
659 2871 838 2949 allamkdnyv
851 2876 872 2925 Ι.
888 2879 929 2925 69.
944 2875 974 2937 l.)

863 3111 1022 3119 .-————-——

911 3348 982 3408 190.

382 3507 476 3568 1464.
502 3507 532 3568 A
549 3505 701 3570 velcaczei
717 3506 936 3570 dllnmtnnrtcs
952 3507 1057 3571 kdvete
1074 3508 1157 3572 errat
1175 3510 1307 3596 Mdtyrts
1324 3509 1510 3596 ktrotyoat

435 3657 438 3668 ·
502 3639 523 3678 a
539 3614 632 3678 to'rb’lr
649 3615 745 3679 etleoi
762 3616 871 3679 dodra
890 3617 932 3678 10
948 3615 1112 3700 eecrfrtot
1129 3618 1161 3680 c's
1178 3617 1282 3702 tdport
1299 3619 1378 3704 ἱρόν.

378 3807 697 3876 MOOOOLXIIII.
715 3810 767 3875 die
783 3808 903 3879 XVII.
920 3811 1106 3896 Februarij.
1187 3901 1188 3904 Ἴ

490 3916 550 3984 Ser
567 3917 591 3984 J
593 3919 690 3984 oanni
706 3916 813 4000 Aimo,
831 3919 936 4002 militi,
953 3915 1087 3985 Oratori
1104 3927 1215 3986 nostro
1230 3920 1266 3984 in
1281 3920 1466 4005 Hungaria.

380 4024 592 4110 2SaP5011i0⁸
609 4027 743 4112 00¹¹⁸ffij
865 4046 931 4112 Per
961 4053 1144 4130 presentem
1181 4068 1347 4114 cursorem
1379 4048 1511 4115 reddite

367 4139 399 4198 ·1
498 4158 513 4193 >>
605 4140 629 4199 t·
646 4134 685 4231 fg
812 4160 887 4219 sunt
897 4154 990 4220 nobis
999 4155 1109 4220 littore
1119 4137 1511 4223 vestredierumXXIII.

378 4257 578 4340 Decembris,
604 4258 708 4324 XIX.
725 4266 759 4324 et
773 4260 876 4328 XXI.
895 4261 920 4326 J
922 4262 1049 4346 anuarij
1075 4283 1176 4346 prope
1202 4261 1339 4342 decursi,
1365 4263 1512 4346 plurima

380 4367 591 4447 continentes,
617 4389 677 4450 pro
703 4369 821 4452 quibus
839 4370 989 4436 omnibus
1007 4376 1192 4436 consuetam
1208 4375 1352 4436 vestram
1369 4370 1511 4454 pruden-

380 4477 462 4540 tiam
479 4481 511 4540 et
528 4473 730 4559 diligentiam
746 4478 1017 4544 commendamus.
1034 4480 1127 4544 Inter
1138 4486 1248 4545 cetera
1264 4485 1374 4546 autem
1384 4480 1511 4546 intelle·

284 4645 286 4650 s
379 4583 493 4666 ximuS,
510 4590 668 4666 quantum
684 4584 834 4676 scribitis,
851 4586 890 4652 de
908 4586 1032 4654 efficaci
1048 4573 1206 4654 instantia
1221 4587 1312 4656 vobis
1328 4587 1427 4673 facta,
1454 4613 1511 4657 no·
