3292 5310
703 343 940 390 nrruounczmi
955 327 1123 388 susumus.

891 634 943 693 38.

354 831 451 894 1459.
477 829 662 912 Nitrnborq.
688 828 740 890 Dc
757 826 927 891 Nardinia
952 851 974 888 a
995 829 1103 912 pupas
1125 824 1284 908 todositjo
1301 848 1322 888 a
1340 824 1481 888 Frirlrik

351 940 493 1015 αἰετόν,
525 933 622 1015 Lujos
647 935 740 1018 bojon
763 934 943 1019 fejedclem,
978 933 1091 998 Albort
1119 932 1336 1016 brandeborpi
1368 931 1488 1017 b'rqrof
1514 1012 1522 1016 α

653 1043 708 1106 stb.
725 1043 795 1107 toas
812 1043 935 1107 le'tcsttlt
951 1041 1174 1106 bekcktite'srb'l.

462 1257 670 1324 Sanctissime
687 1256 799 1336 Pater,
825 1261 924 1338 atque
944 1251 1204 1320 Clementissime
1221 1253 1377 1318 Domine.
1404 1251 1488 1318 Post

355 1363 545 1430 devotisima
561 1363 672 1428 oscula
687 1364 807 1446 pedum
822 1363 1000 1429 beatorum.
1017 1361 1085 1426 Pro
1103 1382 1227 1427 summo
1243 1360 1364 1444 gaudio
1377 1382 1483 1426 suma·

355 1493 417 1556 que
443 1471 549 1538 letitia
575 1471 721 1555 significo
738 1468 914 1536 Sanctitati
930 1469 1061 1551 Vestro,
1087 1474 1248 1554 quatenus
1273 1467 1371 1534 hodie
1394 1488 1488 1534 nona

354 1578 472 1644 mensis
484 1577 596 1645 Sancti
608 1576 751 1660 Spiritus
768 1578 879 1660 gratia
889 1581 1084 1660 cooperante
1094 1581 1169 1660 post
1177 1575 1336 1660 plurimos
1347 1573 1482 1640 labores

355 1707 393 1750 ac
409 1684 582 1749 durissima
597 1691 629 1748 et
646 1682 839 1751 difficillima
857 1684 1036 1748 certamina
1053 1689 1086 1748 et
1101 1683 1208 1748 varios
1219 1683 1352 1749 diurnos
1364 1704 1402 1748 ac
1412 1703 1486 1748 noc·

354 1798 467 1858 tumes
490 1796 651 1856 tractatus
674 1790 807 1857 tandem
833 1791 1031 1858 saluberima
1055 1813 1121 1874 pax
1146 1789 1300 1856 conclusa
1325 1796 1376 1855 est
1400 1790 1488 1857 inter

356 1897 604 1966 Serenissimum
614 1898 852 1981 Imperatorem
868 1898 1111 1965 etLudovicum
1121 1897 1263 1964 Bavarie
1273 1896 1410 1978 Ducem,
1427 1919 1487 1963 nec

356 2029 419 2072 non
434 2008 519 2072 inter
530 2006 666 2072 eundem
677 2004 802 2072 Ducem
812 2006 1015 2072 Ludovicum
1027 2005 1296 2071 etMarchiouem
1307 2002 1486 2070 Albertum

356 2113 685 2196 Brandeburgensem
702 2119 735 2178 et
751 2112 836 2178 inter
854 2111 1013 2178 Comitem
1039 2111 1230 2178 Palatinum
1246 2135 1286 2179 ac
1311 2132 1386 2178 suos
1412 2131 1487 2176 con-

357 2221 520 2287 federatos
536 2241 576 2285 ex
591 2243 665 2301 uua,
682 2226 716 2286 et
731 2221 881 2287 Electum
898 2221 1182 2306 Mogontinensem
1198 2227 1231 2287 et
1241 2221 1366 2286 Ducem
1376 2217 1486 2286 Ludo-

358 2327 462 2394 vicum
478 2327 634 2392 minorem
651 2325 811 2393 Comitem
827 2327 868 2392 de
885 2327 1120 2410 Wintemberg
1139 2333 1172 2392 et
1197 2348 1279 2414 suos,
1296 2326 1484 2396 confedera-

356 2442 407 2502 tos
422 2459 462 2502 ex
477 2437 611 2519 reliqua.
627 2436 673 2502 Et
692 2457 802 2502 eorum
829 2435 931 2518 copie,
956 2456 1017 2520 que
1042 2435 1200 2502 hactenus
1225 2456 1394 2504 numerum
1417 2435 1487 2502 LX

356 2542 481 2608 milium
495 2548 713 2625 pugnatorum
729 2543 939 2624 excedebant,
956 2542 998 2610 ad
1014 2543 1148 2626 propria
1163 2541 1270 2611 redire
1283 2542 1373 2627 jusso
1400 2551 1487 2626 sunt,
1506 2617 1513 2626 g

358 2671 422 2733 qua
437 2669 477 2713 cx
493 2670 529 2713 re
544 2649 693 2714 altissimi
711 2651 819 2732 gratia
837 2656 908 2715 tote
926 2647 1105 2716 Germania
1121 2671 1141 2714 a
1157 2650 1379 2718 crudelissimo
1396 2651 1486 2720 bello

356 2757 497 2823 liberata
512 2761 578 2836 est;
604 2777 680 2822 nam
701 2776 811 2821 omues
828 2757 1002 2840 principes,
1028 2756 1152 2822 nobiles
1177 2763 1211 2822 et
1236 2759 1487 2826 communitates

357 2865 400 2930 ad
414 2865 448 2929 id
464 2866 696 2932 conveniebant
711 2871 744 2931 et
756 2865 825 2950 jam
849 2887 941 2930 arma
966 2873 1211 2949 assumpserant
1229 2871 1261 2931 et
1285 2873 1399 2949 preter
1425 2869 1485 2935 bos

357 2993 416 3036 rex
431 2972 588 3038 Bohemie
603 2973 729 3038 noviter
754 2993 788 3039 se
813 2972 972 3039 connubio
999 2975 1138 3058 quodam
1164 2975 1313 3040 Ducibus
1340 2972 1483 3041 Saxonie

358 3079 523 3162 conjunxit
540 3087 572 3144 et
587 3086 762 3162 propterea
777 3088 914 3163 paratus
932 3087 1004 3148 erat
1021 3083 1120 3148 etiam
1136 3083 1170 3148 iu
1189 3083 1327 3166 propria
1342 3084 1487 3150 maximo

359 3207 432 3250 cum
448 3187 591 3252 exercitu
606 3187 726 3268 venire,
742 3209 781 3252 ac
793 3187 863 3270 jam
878 3189 1038 3271 plurimos
1054 3191 1093 3255 de
1110 3191 1177 3256 suis
1202 3191 1416 3258 nobilibus‘et
1430 3192 1489 3256 mi·

222 3343 225 3348 .
267 3381 269 3384 Ι
357 3292 470 3358 litibus
486 3293 687 3376 premiserat.
704 3292 766 3358 Est
776 3293 923 3376 profecto
934 3295 1000 3362 ista
1010 3319 1074 3380 pax
1083 3297 1193 3380 potius
1208 3296 1372 3382 divinitus,
1388 3319 1488 3380 quam

358 3400 500 3467 humano
517 3401 652 3467 consilio
667 3401 819 3466 conclusa
838 3407 872 3465 et
898 3421 961 3482 que
987 3404 1056 3470 sola
1080 3405 1279 3470 auctoritate
1309 3410 1341 3470 et
1365 3406 1488 3473 auxilio

360 3505 555 3574 sanctitatis
566 3508 686 3578 Vestro
702 3509 814 3575 confici
830 3516 977 3593 poterat,
1003 3533 1078 3576 nam
1094 3512 1146 3578 vix
1163 3512 1329 3596 explicare
1344 3534 1485 3597 possem,

361 3622 483 3701 quanta
493 3618 534 3682 sit
545 3617 760 3702 observantia,
777 3639 842 3703 qua
851 3619 1015 3704 principes
1027 3619 1082 3684 isti
1093 3617 1249 3687 Alamani
1261 3621 1417 3689 etinclita
1427 3622 1489 3688 heo

360 3725 469 3808 patria
485 3726 528 3790 ad
545 3723 761 3792 Sanctitatem
771 3725 926 3794 Vestram
945 3725 1076 3792 habent.
1102 3727 1212 3811 Hujus
1227 3730 1276 3794 rei
1286 3729 1488 3795 verissimum

360 3839 585 3918 argumentum
602 3841 651 3899 est
668 3832 729 3898 hec
745 3833 951 3910 sanctissima
966 3857 1039 3919 pan,
1065 3856 1164 3918 quam
1183 3856 1277 3901 nemo
1297 3833 1369 3902 fieri
1386 3837 1487 3903 arbit-

359 3941 495 4008 rabatur
512 3941 552 4007 ob
568 3941 735 4026 copiarum
753 3947 932 4025 apparatus
947 3949 980 4008 et
995 3943 1144 4026 ingentes
1170 3964 1326 4026 expensas
1348 3945 1418 4029 jam
1446 3945 1488 4012 ab

360 4050 508 4116 omnibus
524 4049 637 4114 factas.
663 4047 795 4132 Quanta
811 4056 919 4115 autem
938 4050 1042 4114 letitia
1058 4032 1097 4114 ex
1126 4050 1188 4115 hac
1214 4071 1296 4133 paee
1320 4057 1392 4118 tota
1408 4049 1488 4117 Alo-

359 4159 468 4222 mania
484 4155 601 4222 affecta
617 4156 667 4234 sit,
683 4154 717 4219 id
727 4155 823 4238 longe
832 4157 1056 4239 processiones
1068 4161 1100 4221 et
1109 4157 1248 4240 plurime
1259 4159 1487 4226 solemnitates

360 4264 545 4347 spirituales
569 4267 671 4344 atque
695 4261 891 4344 temporales
909 4262 1113 4344 significant.
1140 4261 1227 4328 Nam
1252 4265 1331 4331 Dux
1347 4255 1488 4330 Austris

359 4369 585 4454 sigismundus
601 4375 634 4434 et
649 4367 674 4432 J
675 4368 817 4433 ohannes
833 4367 974 4434 Bavarie
988 4368 1066 4433 Dux
1082 4391 1120 4434 ac
1145 4370 1239 4437 multi
1253 4373 1322 4438 alii
1347 4371 1485 4458 Dominj

358 4479 392 4543 in
408 4479 550 4562 propriis
566 4476 714 4560 personis
730 4474 918 4570 spectacula
934 4474 1090 4541 militaria
1110 4485 1330 4547 exercuerunt
