3292 5310
730 337 965 395 omnon‘nozirr
983 322 1150 392 nnnhnnn.

915 631 966 694 34.

377 795 473 858 1459.
509 793 661 858 Titomrrei
685 793 772 857 Ιιὸυεέ
790 792 942 875 jelente'oe
975 815 995 854 a
1028 791 1178 854 velenczei
1209 793 1338 877 doqehez
1364 813 1503 877 ozoyyor

855 899 1020 983 olqyekro'l.

483 1093 640 1180 (Civitate
655 1095 773 1161 Nuova
789 1091 947 1159 XXVII.
964 1091 1093 1176 Aprilis
1112 1096 1205 1158 1459.
1223 1093 1315 1158 Petri
1331 1093 1504 1158 Thomasis

378 1200 422 1268 ad
438 1201 564 1268 Ducem
583 1199 823 1284 Venetiarum.)

484 1307 696 1374 Serenissime
707 1306 866 1389 Princeps
876 1311 909 1371 ei
917 1307 1058 1371 Domine
1070 1308 1114 1372 mi
1123 1300 1412 1373 Excellentissime.
1424 1307 1507 1373 Post

377 1415 580 1482 humilimam
606 1414 928 1481 commendationem.
959 1411 1029 1478 Adi
1054 1413 1118 1480 XI.
1145 1415 1253 1482 sorissi
1276 1416 1330 1481 ala
1356 1413 1506 1481 Serenita

377 1524 499 1593 Vestra
514 1547 554 1591 ιιε
568 1524 612 1590 ho
627 1529 760 1608 possuto
776 1543 836 1606 per
851 1522 882 1588 le
899 1521 1059 1588 difficoltn
1075 1523 1115 1588 de
1130 1523 1162 1587 le
1178 1524 1228 1588 rie
1243 1522 1307 1590 fino
1324 1523 1505 1590 hommen-

377 1633 438 1697 dar
453 1633 520 1698 dite
535 1631 661 1712 lettere,
676 1651 731 1695 ma
747 1652 767 1696 ε
782 1635 897 1713 queste
913 1628 1047 1712 alligate
1064 1647 1189 1695 sorano.
1204 1629 1315 1713 Dapoi
1332 1629 1387 1695 adi
1398 1628 1504 1694 XIII.

378 1738 526 1806 daBuda
542 1761 575 1804 se
586 1738 673 1822 parti
683 1743 798 1820 questo
809 1735 1094 1803 Reverendissimo
1104 1735 1230 1820 Legato
1241 1737 1315 1803 etfo
1325 1735 1409 1803 tolta
1419 1736 1506 1802 bona

376 1845 511 1912 licentia
526 1845 569 1911 da
585 1843 695 1928 quella
704 1844 812 1927 Regia
821 1842 951 1909 Maesia
964 1843 1157 1908 oimilmente
1167 1844 1202 1909 in
1212 1845 1265 1910 vio
1275 1842 1355 1908 addi
1366 1840 1505 1910 XVHI.

377 1943 577 2036 sopravenne
592 1971 657 2018 uno
682 1939 802 2016 corrier
828 1957 862 2016 et
886 1951 973 2034 plioo
999 1971 1071 2016 eum
1095 1971 1162 2016 uno
1186 1949 1296 2034 Bulla,
1321 1949 1380 2015 ohe
1405 1949 1505 2014 atteri

376 2061 388 2123 i
405 2059 543 2142 disturbj
562 2057 617 2124 del
633 2079 733 2140 regno
750 2062 782 2121 et
798 2058 829 2122 el
846 2057 986 2138 sinistro,
1011 2057 1071 2122 ohe
1088 2079 1107 2122 a
1123 2056 1304 2124 Christiani
1328 2063 1425 2140 potra
1449 2057 1505 2121 nd-

376 2167 492 2248 venire,
508 2187 567 2250 per
584 2185 771 2249 expressum
787 2164 995 2244 comendare,
1012 2163 1072 2229 ohe
1088 2170 1203 2246 questo
1219 2162 1504 2230 Reverendissirno

378 2271 495 2356 Signor
504 2272 632 2355 Legeho
642 2272 676 2336 in
685 2271 858 2355 Hungaria
873 2270 1005 2337 doresse
1020 2293 1186 2338 remanere
1202 2276 1235 2336 et
1251 2270 1386 2336 selfusse
1402 2273 1436 2336 in
1452 2273 1504 2337 vin

377 2381 510 2446 dovesse
525 2379 696 2459 ritornare‚
713 2379 754 2444 de
769 2378 828 2444 ohe
843 2383 949 2444 etiosa
965 2379 999 2444 la
1008 2380 1194 2446 conditione
1205 2378 1246 2445 do
1255 2377 1289 2444 la
1299 2400 1392 2444 cossa
1402 2379 1504 2444 nihilo
1641 2455 1642 2460 ἵ

375 2489 482 2552 minus
499 2487 642 2553 delibero
659 2493 773 2570 questo
791 2484 911 2570 Signor
930 2486 1056 2570 Legato
1076 2487 1203 2570 seguire
1228 2485 1261 2554 la
1285 2488 1338 2552 via
1363 2472 1431 2550 sue
1447 2486 1501 2553 alo
1586 2513 1591 2518 ¹
1641 2463 1643 2558 ἶ

375 2593 506 2676 prefata
520 2594 676 2676 Imperial
691 2593 823 2660 Maesta
838 2614 897 2676 per
912 2595 1149 2678 experimenter
1165 2594 1205 2659 de
1221 2613 1302 2676 peoe
1323 2601 1356 2659 et
1380 2595 1436 2676 poi
1461 2594 1504 2658 ri·
1619 2591 1625 2606 '

375 2708 489 2768 tornar
504 2701 548 2767 ad
564 2701 749 2784 Hungaria‚
766 2707 799 2765 et
815 2702 898 2768 cossi
914 2703 970 2784 qui
986 2701 1159 2786 giungemo
1175 2701 1231 2766 adi
1246 2699 1389 2766 XXIII.
1414 2700 1445 2764 el
1471 2701 1505 2766 di

377 2816 532 2894 seguente
547 2809 592 2875 fin
609 2813 724 2894 questo
742 2806 952 2874 serenissimo
969 2806 1090 2892 Signor
1104 2810 1325 2892 Imperatore
1350 2808 1384 2874 la
1408 2807 1502 2874 habi·

376 2919 501 2984 tatione
519 2917 572 2982 del
588 2917 714 3001 prefato
725 2914 982 3000 SignorLegoto
997 2937 1056 3000 per
1072 2917 1210 3000 eudirlo,
1223 2923 1256 2982 et
1271 2915 1343 2980 heri
1358 2915 1428 2982 fece
1445 2917 1505 2980 ris-

376 3029 479 3106 posta,
503 3023 537 3088 la
553 3024 649 3106 quale
665 3044 731 3090 non
750 3025 853 3090 sorivo
869 3023 951 3090 hora
966 3023 1021 3088 ala
1036 3021 1190 3095 Serenito
1205 3023 1326 3093 Vestra
1342 3041 1409 3106 ρει·-
1416 3023 1505 3089 buon

376 3131 527 3213 rispeoto‚
551 3132 689 3195 maxime
714 3132 862 3197 havendo
888 3131 1067 3198 deliberato
1084 3137 1198 3216 questo
1215 3129 1500 3196 Reverendissimo

377 3235 496 3318 Signor
504 3238 630 3319 negato
646 3238 756 3302 multis
772 3239 986 3306 consideratio
997 3246 1029 3305 et
1039 3240 1179 3306 maxime
1190 3260 1248 3306 ano
1260 3260 1294 3304 se
1303 3239 1392 3322 possi
1402 3240 1505 3317 inten-

376 3341 453 3408 dere
469 3345 481 3407 i
496 3345 627 3408 termini
643 3365 676 3408 se
693 3346 851 3416 etrovano
868 3343 899 3409 le
915 3366 996 3427 oose,
1020 3345 1080 3411 ohe
1095 3347 1127 3413 io
1145 3345 1243 3412 debbi
1258 3347 1421 3412 ritornare
1436 3345 1504 3411 alla

377 3447 718 3519 CelsetudineVostra
733 3451 895 3535 possendo
911 3453 1022 3537 ejuiar
1032 3459 1146 3538 questo
1157 3452 1372 3520 serenissimo
1384 3450 1504 3534 Signor

376 3555 578 3640 Imperatore
594 3555 625 3621 le
640 3555 720 3639 faro,
743 3580 796 3624 ma
811 3582 874 3643 pur
889 3579 947 3644 per
962 3561 1027 3627 bon
1051 3563 1193 3644 rispeoto
1220 3561 1254 3626 di
1280 3561 1426 3645 quinon
1451 3579 1503 3625 me

376 3665 499 3748 partiro
525 3686 620 3732 sonna
645 3663 827 3733 sufficiente
844 3664 1101 3734 Solvooondooto
1127 3675 1161 3732 ot
1184 3668 1269 3734 fosse
1294 3669 1414 3734 havuto
1430 3667 1502 3732 faro

375 3773 474 3837 etiam
504 3772 590 3837 altra
619 3773 672 3838 via
703 3775 761 3838 ohe
793 3781 915 3858 questa.
941 3776 993 3841 Ex
1024 3775 1155 3840 civitate
1180 3775 1299 3843 Nuova
1324 3781 1376 3840 2-7.
1402 3773 1503 3856 Apri-

375 3877 416 3944 lis
443 3883 538 3944 1459.

1140 3987 1260 4054 Petrus
1281 3986 1456 4072 Thomasy.

484 4095 641 4156 (Velenozei
655 4098 740 4147 ellam
754 4097 830 4160 lirin.)

857 4276 1015 4286 ’.ω-μ...-
