3256 5304
383 341 447 402 252
736 355 971 402 niruonsomsr
989 342 1156 400 nnnsnnx.

379 514 525 581 sibilibus
551 516 794 597 pretermittere
819 515 852 576 in
878 512 1038 578 excidium
1065 514 1244 576 communis
1276 514 1378 577 hostis
1411 513 1511 577 istius.
1604 545 1605 602 ,

381 624 527 706 Cumque
544 645 646 706 nuper
661 622 810 705 requisiti
827 619 987 685 instanter
1003 641 1041 684 ac
1051 621 1198 702 persuasi
1208 623 1338 686 simusa
1353 619 1512 684 Pontifice

381 732 538 810 Maximo,
555 735 591 795 ut
607 751 680 794 cum
696 751 734 794 eo
747 728 962 813 personaliter
974 727 1015 792 ad
1026 728 1110 792 hanc
1120 735 1265 792 sanctam
1274 728 1512 810 expeditionem
1604 809 1605 822 ,

382 839 543 924 proficisci
569 838 723 917 velimus3
769 859 828 902 nos
854 839 930 901 licet
956 843 1106 918 respectu
1133 837 1317 916 senectutis,
1353 843 1384 900 et
1412 838 1511 900 etatis

384 954 493 1012 nostre
521 947 588 1030 jam
606 945 861 1028 ingravescentis
877 945 911 1008 id
928 943 1155 1008 difficillimum
1172 964 1243 1008 esse
1258 963 1440 1025 noscamus
1465 967 1511 1010 cu·
1603 995 1605 1016 ς

382 1057 449 1138 pidi
475 1063 584 1120 tamen
611 1058 736 1120 intem
762 1057 816 1138 pio
844 1062 876 1119 et
892 1057 1075 1121 necessario
1094 1075 1191 1138 opere
1208 1053 1273 1120 Sue
1290 1055 1514 1119 Beatitudinis
1603 1067 1605 1128 t

383 1185 504 1229 morem
529 1184 651 1246 gerere,
676 1162 935 1244 collocantesque
952 1163 1161 1243 voluntatem,
1188 1169 1221 1225 et
1237 1185 1362 1226 omnem
1381 1161 1516 1244 disposi·
1603 1151 1605 1208 l

382 1273 505 1336 tionem
536 1276 683 1334 nostram
709 1271 742 1333 in
768 1291 908 1352 superno
935 1269 1155 1352 Redemptum
1183 1276 1304 1347 nostro,
1331 1268 1512 1335 Sanctitati
1604 1287 1605 1356 }

383 1379 447 1445 Sue
473 1379 558 1444 bono
584 1385 616 1442 et
643 1385 793 1466 prompto
820 1380 938 1458 animo,
963 1399 1136 1461 personam
1163 1384 1308 1442 nostram
1325 1376 1511 1455 obtulimus,
1561 1424 1562 1428 ,

383 1485 562 1571 profecturi
579 1509 651 1551 oum
669 1508 706 1550 ea
723 1495 756 1551 et
773 1508 845 1551 cum
862 1486 989 1569 prefato
999 1485 1227 1550 illustrissimo
1238 1483 1340 1548 Duce.
1356 1483 1515 1566 Nihilque

383 1595 510 1661 demum
541 1596 782 1678 pretermissum
809 1616 919 1660 eorum
946 1595 1097 1674 omnium,
1123 1614 1185 1677 que
1201 1593 1285 1657 uires
1308 1614 1374 1656 non
1391 1591 1515 1656 excedit

385 1709 523 1783 nostras,
533 1708 648 1767 uttam
659 1703 836 1784 gloriosum
847 1709 879 1768 et
891 1703 1010 1768 celeste
1020 1724 1100 1786 opus
1112 1703 1237 1767 favente
1246 1701 1408 1766 altissimo
1419 1697 1516 1764 felici·
1604 1731 1605 1734 κ

384 1819 434 1876 ter
459 1809 569 1894 perfici
595 1812 705 1893 possit.
746 1808 796 1877 De
813 1812 864 1876 his
881 1811 1029 1876 omnibus
1046 1811 1199 1889 volumus,
1224 1815 1261 1874 ut
1278 1809 1516 1893 quamprimum

384 1919 536 1983 notitiam
547 1919 631 1982 detis
641 1919 770 2001 prefato
781 1920 995 1985 Serenissimo
1006 1919 1102 2001 Regi,
1119 1919 1320 2002 dicendoque
1340 1918 1413 1999 sibi,
1431 1916 1515 2000 quod

386 2048 564 2110 speramus
595 2037 628 2089 et
644 2027 676 2090 in
693 2027 801 2092 divina
818 2027 967 2092 bonitate
984 2027 1173 2092 confidimus
1191 2027 1361 2092 advenisse
1380 2033 1514 2108 tempus,

385 2157 449 2217 quo
467 2156 518 2198 res
536 2132 724 2200 Christiane
740 2137 830 2202 brevi
847 2137 936 2214 bene,
951 2136 1155 2218 feliciterque
1173 2135 1353 2199 succedent.
1383 2133 1451 2198 Sed
1467 2154 1514 2197 ex·
1603 2195 1605 2198 .

383 2241 474 2323 pedit
500 2243 608 2321 etiam,
633 2248 669 2305 ut
696 2243 737 2306 ad
762 2243 1018 2326 propulsandam
1045 2244 1223 2325 potentiam
1242 2251 1274 2306 et
1290 2242 1416 2306 rabiem
1434 2240 1515 2304 tanti

385 2351 487 2415 hostis
515 2349 679 2415 Serenitas
698 2348 766 2416 Sua
782 2372 841 2433 pro
859 2353 981 2416 virtute
998 2357 1031 2415 et
1048 2349 1320 2433 magnanimitate
1338 2369 1399 2413 sua
1416 2371 1456 2412 ex
1470 2348 1515 2411 la·

385 2467 454 2523 tere
464 2481 532 2538 suo,
551 2459 675 2523 viribus
687 2461 843 2541 omnibus,
860 2459 976 2540 quibus
988 2460 1120 2541 poterit,
1137 2460 1198 2522 hoc
1210 2459 1357 2541 proximo
1369 2464 1514 2540 tempore

384 2589 476 2646 novo,
493 2588 544 2630 res
563 2586 646 2645 suas,
664 2567 705 2631 ad
722 2567 806 2650 hanc
823 2573 968 2632 sanctam
986 2567 1226 2649 expeditionem
1243 2566 1406 2648 disponat,
1423 2571 1461 2630 ut
1476 2564 1515 2628 ad

387 2673 668 2739 exterminandum
678 2674 763 2738 hunc
773 2673 900 2738 hostem
911 2675 1088 2758 procedere
1099 2675 1201 2756 possit
1212 2694 1267 2756 per
1277 2673 1420 2751 modum,
1432 2671 1514 2756 quod

388 2782 558 2847 adiversis
576 2781 723 2864 partibus
742 2803 924 2864 oppressae,
942 2783 1058 2845 melius
1077 2782 1272 2864 faciliusque
1283 2780 1390 2862 fugari
1402 2778 1513 2864 possit.

495 2890 649 2955 Preterea
675 2890 857 2972 accepimns
881 2911 983 2972 nuper
1001 2891 1130 2954 litteras
1148 2913 1166 2953 a
1184 2889 1400 2954 Serenissimo
1417 2889 1515 2954 Fran·

386 3021 497 3063 corum
509 2997 609 3080 Rege,
628 2997 745 3078 quibus
761 2998 793 3060 in
810 2998 1050 3078 responsionem
1068 3002 1253 3060 nostrarum
1264 2981 1415 3061 declarat
1426 2993 1515 3059 nobis

388 3103 545 3184 optimum
571 3102 711 3165 animum
739 3109 769 3164 et
797 3100 973 3164 ferventem
1000 3101 1244 3183 dispositionem
1269 3124 1361 3167 suam
1377 3100 1515 3167 faciendi

388 3216 504 3274 contra
522 3209 654 3285 Tereos,
682 3211 765 3273 sieut
790 3231 848 3290 per
875 3211 1054 3292 exemplum
1074 3211 1257 3276 litterarum
1275 3230 1418 3290 suarum,
1435 3207 1516 3290 quod

387 3317 482 3382 robis
499 3315 656 3380 mittimus
673 3317 724 3380 his
740 3316 941 3398 implicitum,
959 3315 1116 3381 videbitis
1133 3315 1204 3380 Nos
1221 3325 1337 3398 autem,
1354 3323 1389 3382 nt
1407 3315 1515 3382 confir·

388 3444 510 3488 memus
527 3423 735 3507 Maiestatem
757 3422 858 3487 Suam
874 3423 905 3486 in
932 3421 1017 3486 bono
1044 3424 1212 3504 proposito
1241 3445 1309 3502 suo,
1335 3429 1439 3506 utque
1464 3423 1516 3485 ha·
1604 3497 1605 3502 ἵ

388 3532 526 3597 beantur
544 3531 670 3596 favores
688 3533 755 3594 sui:
783 3532 913 3595 mittero
931 3531 1105 3595 statuimus
1122 3530 1163 3593 ad
1182 3529 1282 3595 Suam
1300 3528 1516 3597 serenitatem

391 3661 489 3705 unum
500 3637 674 3705 Oratorem
692 3646 847 3722 nostrum,
865 3660 960 3722 quem
978 3639 1130 3722 expedire
1148 3640 1387 3722 quamprimum
1414 3636 1516 3702 stude-

388 3747 502 3829 bimus,
519 3747 558 3813 de
575 3770 638 3830 qua
656 3771 690 3812 re
707 3748 864 3829 volumus
883 3755 918 3812 ut
935 3750 1035 3812 etiam
1051 3747 1179 3830 prefato
1198 3745 1416 3812 Serenissimo
1436 3740 1517 3823 Regi

390 3858 539 3920 notitiam
558 3857 635 3920 dare
654 3857 781 3920 curetis

497 3964 656 4046 Departe
826 4001 867 4008 —
917 3968 989 4027 llll.

495 4073 547 4136 De
564 4094 629 4134 non
737 4107 779 4114 —-
829 4107 869 4116 -
962 4085 990 4133 o.

496 4179 570 4243 Non
589 4181 703 4244 sinceri
736 4216 775 4224 -«
824 4217 866 4223 —-
960 4189 987 4242 b.

453 4305 454 4308 ’
498 4289 600 4351 Facta
618 4269 749 4351 fuerunt
766 4288 875 4350 littere
893 4286 977 4351 XVI
988 4289 1029 4349 ll.
1047 4287 1241 4351 Novembris
1261 4289 1355 4350 1463.

500 4451 656 4510 (Velenrzei
673 4452 850 4512 :lllarnkdnyr
868 4454 927 4498 ‘lbet
944 4452 971 4509 l.)
