3268 5308
636 349 727 411 m
1014 316 1017 321 ’
1183 349 1244 410 m

118 527 261 610 bereque
293 549 358 591 non
389 547 558 602 cessamus,
591 525 645 590 sed
672 533 779 589 tamen
807 527 834 588 si
858 525 943 590 forte
969 526 1064 602 aliter
1095 526 1246 604 eveniret,

117 635 282 717 intelliget
308 636 340 698 in
358 635 419 700 hoo
436 635 534 698 etiam
552 633 660 716 Regia
676 632 837 715 Majestas
854 633 1035 714 Hungarie,
1055 631 1141 715 quod
1158 632 1246 696 omui

117 744 229 807 favore
255 741 401 824 possibili
418 761 647 824 prosequemur
665 763 746 822 eum,
763 747 795 804 et
811 740 898 822 quod
915 760 1039 822 semper
1056 739 1121 802 suis
1148 737 1246 802 hono-

117 851 209 915 ribus
228 857 260 914 et
281 850 456 916 commodis
473 850 710 914 inclinabimur.

228 957 271 1040 l·
318 961 359 1023 92
407 993 450 1003 -
498 963 516 1021 3
562 993 606 1003 -
652 962 682 1021 4.

122 1069 150 1128 3·
168 1063 500 1166 Sapientes-qllllsssslllssll
549 1082 683 1164 Volunt,
701 1083 931 1166 quodpropter
948 1083 1191 1166 importantiam
1207 1083 1247 1145 is-

119 1193 185 1255 tius
201 1191 338 1257 materie
355 1191 524 1258 differatur
540 1192 582 1256 ad
608 1192 691 1255 diem
717 1192 901 1268 crastinam,
927 1195 960 1254 et
985 1189 1071 1272 quod
1098 1190 1138 1254 ob
1164 1189 1247 1252 hano

121 1299 296 1380 specialem
314 1321 444 1364 oausam
460 1305 592 1364 vocetur
609 1320 647 1365 ea
664 1299 716 1362 die
733 1299 820 1362 istud
839 1298 1017 1366 consilium.

231 1405 284 1470 De
300 1413 395 1490 parte
415 1412 465 1476 73.

228 1571 385 1630 (Velenczei
400 1570 483 1620 allam
497 1573 572 1632 lta'r.)

669 1751 753 1759 -.η-μ

660 1916 711 1974 96.

123 2077 266 2140 146221
285 2074 433 2140 velenczci
449 2076 663 2139 cillorntooa'cs
681 2072 798 2137 artesc‘ti
814 2071 915 2137 bardai
931 2074 1047 2136 devetat
1060 2097 1081 2136 a
1095 2070 1248 2155 Μαργαν-

123 2190 240 2266 orozdp
261 2185 379 2247 adoneae
406 2184 546 2267 ‹rjcirdmt
573 2183 654 2245 hodi
679 2182 863 2265 cepilypc'az
880 2179 1018 2264 folyo'vo'
1045 2178 1193 2260 rotela-ol,
1221 2178 1251 2239 c‘r

311 2292 393 2374 ipe‘ri
411 2290 543 2354 toodblrci
561 2294 589 2354 is
604 2315 624 2353 u
641 2289 729 2354 tortile
745 2289 823 2352 allen
842 2291 1060 2374 trimopoto'sa't.

121 2448 391 2516 MOOOOLXH.
409 2451 460 2541 die
478 2447 654 2518 XXVIII.
671 2449 773 2532 Junij.

226 2555 468 2641 Circumspecto
500 2564 532 2622 et
565 2557 709 2641 Sapienti
736 2557 818 2623 Viro
845 2556 1029 2636 'l'homasio
1065 2551 1247 2618 Secretario

121 2676 232 2732 nostro
249 2671 282 2732 in
300 2668 480 2751 Hungaria.

4 2817 21 2886 z'
122 2774 293 2856 Sapientes
311 2771 443 2859 0011⁸llll
466 2783 497 2840 el
599 2793 716 2857 Petrel
741 2791 881 2858 Reddite
918 2797 993 2854 sunt
1019 2788 1112 2855 nobis
1138 2785 1248 2850 littero

125 2884 381 2978 ‚est
554 2892 1250 2966 mmfflfflfflmm

122 3010 245 3086 stantia,
262 3010 377 3092 quibus
394 3010 612 3075 intelleximus
629 3015 721 3091 gesta
740 3030 799 3091 per
823 3014 854 3070 te
880 3007 966 3088 apud
991 3003 1131 3085 Regiam
1158 2999 1250 3066 Sere-

121 3117 255 3180 nitatem
273 3117 444 3199 Hungarie
464 3119 497 3182 in
519 3118 739 3182 executionem
750 3117 976 3180 mandatorum
999 3118 1195 3190 nostrorum,
1212 3129 1250 3172 ac

120 3230 252 3305 novaet
268 3226 394 3307 reliqua
411 3228 518 3292 omnia
535 3226 731 3301 occurentia,
758 3221 1083 3304 commendantesque
1109 3215 1250 3300 pruden-

120 3332 197 3394 tiam
214 3338 246 3394 et
265 3331 466 3415 diligentiam
484 3341 582 3410 tuam,
606 3332 835 3414 respondemus
852 3330 913 3395 tibi
930 3351 1002 3392 cum
1028 3333 1138 3392 nostro
1165 3322 1251 3388 Con-

121 3439 192 3504 silio
219 3439 424 3523 Rogatorum
451 3441 609 3524 placuisse
635 3440 809 3503 admodum
835 3439 938 3518 nobis,
980 3438 1065 3517 quod
1092 3435 1252 3518 Majestes

122 3545 228 3628 Regia
248 3546 455 3628 expediverit,
483 3555 517 3610 ut
549 3547 672 3624 scribis,
704 3548 755 3610 die
788 3545 865 3612 XV.
897 3547 1058 3627 presentis
1089 3542 1251 3608 Nuntium

123 3675 212 3718 suum
231 3653 452 3736 profecturum
480 3655 521 3717 od
547 3654 703 3718 Rectores
722 3651 836 3731 Jadrc,
863 3675 901 3715 ac
926 3651 1148 3734 accipiendum
1175 3649 1249 3714 illos

122 3760 178 3824 HI
192 3762 282 3825 mille
300 3761 438 3825 florenos
456 3761 630 3844 hungaros,
647 3761 686 3825 de
704 3762 821 3844 quibus
842 3781 897 3842 per
914 3761 1099 3842 superiores
1119 3765 1250 3823 nostras

122 3869 249 3934 litteras
267 3869 310 3934 ad
327 3875 359 3932 te
377 3871 572 3953 scripsimus.
588 3866 669 3931 Nam
689 3889 747 3950 pro
764 3867 987 3950 magnitudine
1007 3868 1129 3931 amoris
1146 3869 1249 3930 nostri

124 3977 164 4040 ad
180 3975 414 4042 Oelsitudinem
433 3975 534 4042 Suam
556 3984 588 4040 et
614 3978 656 4042 ad
681 3974 849 4040 commoda
874 3976 983 4039 omnia
1008 3976 1099 4057 regni
1125 3974 1173 4038 sui
1201 3994 1253 4038 ou-

125 4082 191 4165 pidi
223 4106 350 4168 semper
376 4107 495 4165 sumus,
530 4087 562 4148 in
589 4085 736 4149 omnibus
763 4083 824 4150 sibi
856 4083 1042 4148 satisfacere
1074 4102 1175 4166 posse.
1207 4079 1253 4145 Et

125 4192 195 4256 hinc
212 4201 271 4274 est,
300 4194 386 4275 quod
412 4200 657 4276 perseverantes
682 4195 715 4256 in
741 4192 802 4257 hoc
825 4192 993 4275 proposito
1019 4198 1142 4271 nostre,
1167 4191 1254 4254 misi·

125 4321 192 4364 mus
208 4303 307 4364 etiam
324 4300 440 4364 diebus
457 4301 615 4364 anteactis
631 4300 780 4373 Jadram,
797 4300 885 4363 ultra
910 4300 1074 4381 predictos
1092 4298 1149 4363 III
1164 4298 1253 4363 mille

126 4408 202 4472 alios
222 4408 299 4471 IIII
317 4408 402 4473 mille
420 4408 557 4474 florenos
574 4409 740 4491 hungaros
755 4430 826 4474 cum
844 4409 966 4486 ordine,
987 4408 1074 4489 quod
1091 4406 1250 4472 Rectores

127 4514 170 4577 illi
188 4516 292 4580 nostri
309 4539 363 4580 eos
390 4517 540 4580 similiter
567 4521 797 4598 consignarent
823 4517 936 4582 nuntio
965 4519 1084 4600 prelati
1112 4517 1255 4581 Serenis·
