3314 5300
375 375 438 437 316
530 393 534 404 “
725 389 961 434 nrruounuumr
979 375 1145 434 aunuum.

373 551 493 616 facturi
509 572 619 616 sumus
634 553 668 616 in
684 574 719 616 re
735 553 806 632 ista,
823 549 978 634 quicquid
994 570 1014 614 a
1031 547 1123 614 nobis
1139 547 1209 612 fieri
1218 551 1347 633 poterit,
1364 571 1498 632 cumque

373 660 459 725 idem
485 681 590 726 comes
617 660 660 724 sit
676 661 716 726 de
733 659 877 742 proximo
894 658 958 723 huc
973 657 1188 741 personaliter
1204 661 1366 738 venturus
1393 670 1499 722 secum

374 769 493 834 erimus
519 791 613 852 super
628 770 698 849 hoc,
723 775 757 834 et
772 767 854 832 nihil
870 767 1154 850 pretermittemus,
1178 771 1216 830 ut
1231 766 1367 831 intentio
1383 766 1501 850 prefati

376 875 581 943 Serenissimi
597 877 699 960 Regis
716 877 822 941 locum
838 875 968 940 habeat.

482 985 648 1064 Preterea,
666 985 744 1068 quid
760 983 963 1049 innovaverit
980 988 1091 1048 contra
1109 983 1254 1048 subditos
1266 981 1403 1048 Sibinici
1414 983 1501 1048 Ban-

373 1094 461 1157 nissa
477 1091 591 1175 Olisse,
607 1093 759 1157 videbitis
775 1113 833 1175 per
849 1091 975 1155 litteras
992 1089 1131 1156 Comitis
1147 1091 1250 1154 nostri
1262 1090 1405 1173 Sibinioi,
1422 1113 1499 1174 qua-

372 1222 444 1263 rum
461 1200 643 1282 exemplum
659 1201 820 1265 mittimus
837 1199 886 1262 his
902 1198 1103 1279 implicitum,
1129 1198 1281 1279 volenteS,
1299 1197 1386 1282 quod
1404 1220 1500 1280 super

373 1305 434 1372 hoc
463 1309 701 1390 quamprimum
718 1309 787 1373 sitis
804 1329 876 1372 cum
895 1305 1107 1372 Serenissimo
1125 1305 1226 1389 Rege,
1252 1307 1415 1389 gravando
1432 1329 1502 1372 rem

371 1416 468 1480 istam
493 1415 557 1480 illis
584 1416 846 1481 convenientibus
872 1415 984 1496 verbis,
1014 1435 1076 1498 que
1100 1415 1255 1479 noveritis
1282 1416 1440 1498 expedire,
1468 1423 1500 1478 et

373 1521 481 1588 dando
493 1545 632 1606 operam,
650 1526 736 1607 quod
746 1526 852 1606 Regia
863 1523 931 1607 Maj
937 1529 1021 1588 estas
1033 1522 1165 1587 mandet
1174 1523 1334 1587 Baunisse
1345 1523 1502 1606 predicte,

373 1631 460 1712 quod
477 1633 607 1696 omniuo
624 1634 778 1697 restituat
794 1632 958 1710 animalia,
976 1653 1037 1714 que
1053 1635 1146 1696 tanta
1162 1631 1316 1696 violentia
1332 1638 1365 1695 et
1380 1631 1502 1714 injuria

373 1740 477 1822 accipi
494 1740 588 1820 secit3
613 1741 772 1830 quomodo
790 1741 816 1806 si
834 1740 867 1805 id
883 1739 1014 1806 taudem
1031 1739 1138 1804 lacere
1156 1739 1327 1822 recusabit,
1354 1741 1503 1804 excusati

372 1849 499 1928 erimus,
532 1849 559 1912 si
584 1848 700 1912 honori
733 1854 853 1932 nostro,
885 1854 918 1912 et
953 1847 1157 1912 indemnitati
1188 1852 1372 1912 nostrorum
1404 1847 1502 1910 aliter

371 1955 620 2038 providebimus.

480 2121 635 2182 (Velenczei
648 2122 827 2186 allamkdnyv
841 2126 855 2169 7
860 2125 884 2171 5.
897 2122 926 2182 l.)

857 2301 1015 2310 ——-—

904 2560 977 2620 195.

655 2679 660 2706 t

375 2719 468 2780 1465.
496 2718 525 2783 Α
548 2718 701 2781 velenczer‘
726 2719 944 2782 cillanrtona‘es
960 2720 1092 2804 Motyon·
1116 2720 1299 2805 lcirailyaole
1327 2744 1348 2782 α
1366 2721 1504 2783 tiiriileiilr

538 2826 802 2911 fondorlotae'rdl
819 2827 1029 2912 upilvdaitott
1045 2827 1175 2892 nc'zeteit
1191 2827 1330 2913 belyesli.

372 3018 640 3091 MOOOOLXV.
658 3024 709 3088 die
726 3023 890 3088 XXIIII.
907 3022 1031 3108 Martij.

480 3133 694 3200 Serenissimo
711 3135 796 3216 Regi
814 3135 994 3217 Hungarie.

373 3237 547 3322 Sapientes
565 3239 698 3327 OOssSllll
856 3262 891 3328 Si
917 3282 978 3343 que
1004 3260 1170 3342 contigent
1191 3259 1404 3325 Serenissime
1420 3258 1505 3341 Rex,

373 3346 545 3430 sapiente8
562 3357 584 3414 l·
600 3349 621 3413 f·
639 3357 671 3414 el
802 3391 864 3453 que
889 3369 1032 3434 amicitie
1054 3374 1086 3432 et
1102 3367 1265 3432 affectioni
1281 3369 1367 3431 inter
1383 3389 1441 3431 nos
1458 3369 1505 3431 vi·
1532 3365 1536 3377 “

373 3455 530 3521 NlCOlaUS
549 3459 719 3524 Tlllissfflffl
802 3477 889 3560 genti
921 3480 1067 3560 spectare
1105 3477 1240 3558 possint,
1281 3476 1505 3560 gratissimum

372 3562 692 3664 QQOI'dlffllm
801 3585 893 3650 vobis
911 3594 968 3664 est,
994 3585 1279 3668 maximopereque
1298 3585 1504 3652 laudandum

373 3688 527 3774 ducimus,
553 3699 590 3756 ut
606 3695 759 3776 utrinque
776 3694 862 3758 omni
878 3693 995 3758 mentis
1013 3693 1198 3756 sinceritate
1216 3694 1506 3773 communicentur,

373 3801 645 3882 quemadmodum
669 3801 774 3866 literis
800 3804 866 3866 suis
893 3802 959 3866 diei
974 3799 1112 3869 XVIII.
1129 3800 1301 3886 Februarij
1328 3805 1506 3868 novissime

372 3908 466 3974 nobis
492 3909 636 3990 redditis,
667 3933 738 3975 eam
764 3910 880 3974 iecisse
907 3912 1071 3990 novimus,
1103 3931 1162 3974 nos
1188 3931 1325 3992 quoque,
1352 3912 1380 3974 si
1396 3911 1505 3976 medio

372 4015 448 4085 Viri
464 4017 606 4100 Nobilis,
632 4019 657 4084 J
659 4020 772 4084 oannis
789 4018 890 4084 Aimo
907 4020 1031 4102 militis,
1055 4039 1150 4102 quem
1167 4018 1290 4082 dudum
1306 4019 1394 4099 apud
1411 4019 1507 4085 Sere-

372 4127 509 4192 nitatem
523 4125 677 4194 Vestram
702 4127 891 4211 Legationis
915 4149 1048 4212 munere
1073 4127 1248 4212 tenuimus,
1273 4125 1335 4190 sibi
1361 4129 1508 4193 nuntiari

372 4235 515 4321 fecimus,
542 4257 604 4321 que
622 4235 661 4300 de
677 4257 757 4319 paee
774 4257 847 4299 oum
864 4236 979 4318 Turoo,
1006 4235 1139 4300 diversis
1156 4235 1270 4318 medie,
1295 4255 1334 4298 ex
1351 4235 1507 4318 partibus
1562 4249 1565 4257 ’
1650 4225 1651 4292 j

373 4342 526 4426 Orientis,
558 4349 591 4408 et
616 4343 743 4409 demum
775 4365 834 4428 per
858 4344 945 4408 viam·
966 4343 1100 4410 Domini
1124 4343 1299 4408 Leonardi·
1316 4342 1356 4408 de
1383 4343 1509 4412 Sancta

373 4452 492 4516 Maura
509 4453 602 4518 nobis
618 4457 766 4536 promota
783 4457 867 4532 sunt,
892 4452 1037 4537 profecto
1055 4459 1088 4520 et
1102 4459 1216 4518 mutuo
1233 4454 1345 4534 amori,
1371 4459 1405 4518 et
1419 4454 1508 4520 bone

374 4559 486 4624 unioni
511 4566 622 4626 nostre
648 4559 841 4627 satisfecisse
858 4561 1096 4644 existimamus,
1122 4561 1394 4648 quandoquidem,
1420 4565 1509 4631 sicut
