3256 5304
635 397 729 456 1463.
1182 393 1244 455 2113

1 592 2 604 2
113 564 216 624 vestri
233 564 497 628 osse-rationem.
525 569 567 631 Et
586 580 621 632 ut
644 579 786 633 nostram
803 570 920 633 bonam
946 571 1155 634 intentionem
1181 569 1246 634 1111-

1 661 2 713 Ᾰ
112 672 185 734 rius
200 669 376 753 intelligat,
402 675 556 757 inspectis
572 676 699 740 duabus
717 675 983 757 requisitionibus
999 679 1075 756 suis,
1101 679 1133 741 in
1149 676 1245 742 dictis

1 815 2 848 3
111 779 236 844 litteris
252 779 440 863 declaratis,
464 786 574 864 parati
595 806 707 848 sumus
727 786 761 847 in
777 785 848 867 ejus
873 784 1142 867 complacentiam
1167 787 1244 851 scri·

1 899 3 910 '
112 887 204 968 bere,
240 892 273 951 et
303 889 375 970 jam
400 891 588 972 scripsimus
612 893 699 955 circa
724 891 863 974 primam
895 901 1025 974 partem
1050 891 1244 958 Rectoribus

1 1061 2 1068 χ
114 997 242 1060 nostris
258 994 403 1060 Albania
419 998 453 1060 in
468 1005 655 1080 opportuna
669 999 783 1078 torma,
808 1005 846 1062 ut
860 997 903 1063 ad
919 1020 1047 1065 omnem
1064 1002 1165 1082 ipsius
1182 1003 1246 1067 Ex·

1 1145 2 1150 1
115 1103 271 1168 cellentie
288 1099 407 1169 Vestra
433 1107 680 1186 requisitionem
704 1109 773 1190 ejus
798 1106 956 1171 desiderio
980 1107 1170 1174 satisfaciat
1200 1111 1246 1176 Et

114 1206 204 1276 circa
221 1211 404 1291 secundam,
420 1235 461 1276 ex
470 1212 638 1279 affectione
655 1221 769 1279 nostra
784 1213 827 1280 ad
837 1214 1077 1281 Excellentiam
1086 1212 1242 1282 Vestram

1 1319 2 1332 ¹
113 1321 228 1402 parati
244 1321 344 1384 etiam
360 1341 480 1400 sumus,
496 1342 608 1386 omnes
623 1322 717 1388 nobis
727 1325 921 1388 instantiam
933 1323 1118 1406 possibilem
1128 1322 1245 1405 lacere,

1 1452 2 1514 3
114 1432 153 1490 nt
168 1429 243 1508 ipsa
259 1427 468 1492 Excellentia
483 1426 605 1494 Vestra
626 1433 696 1514 ejus
712 1438 931 1512 consequatur
947 1432 1115 1496 intentum.

1 1609 2 1622 χ
225 1535 271 1600 let
286 1556 326 1598 ex
344 1557 430 1599 nunc
446 1542 579 1618 ceptum
596 1539 646 1616 sit,
675 1538 764 1620 quod
781 1539 944 1604 scribatur
961 1537 1081 1605 Comiti
1098 1543 1131 1603 et
1146 1539 1244 1623 (iaqui-

1 1638 2 1646 1
114 1648 215 1706 taneo
233 1641 363 1708 Scutari
380 1648 413 1706 et
438 1643 513 1708 aliis
537 1643 735 1710 Rectoribus
759 1647 880 1710 nostris
898 1643 1050 1728 Albania,
1076 1647 1133 1730 qui
1158 1645 1245 1712 vide·

113 1751 238 1816 buntur
253 1753 287 1815 in
302 1751 364 1815 hac
380 1749 502 1815 forma:

226 1857 367 1941 Scripsit
385 1859 479 1924 nobis
503 1861 688 1942 nuperrime
714 1859 961 1926 illustrissimus
985 1862 1147 1926 Dominus
1173 1859 1243 1927 Ste-

1 1961 3 2046 }
113 1967 243 2050 phanus
259 1965 339 2032 Dux
357 1965 477 2032 Sancte
502 1965 585 2032 Save
611 1967 713 2032 frater
737 1975 846 2032 noster
871 1968 1065 2053 carissimus,
1092 1965 1245 2052 Magnifi-

1 2125 2 2146 1
115 2097 189 2140 curn
214 2073 393 2140 Dominum
418 2073 686 2157 Scanderbegum
713 2075 778 2141 Sue
803 2075 1004 2140 Excellentie
1030 2097 1063 2142 se
1089 2075 1244 2142 obtulisse

1 2247 2 2277 p
113 2202 321 2248 accessurum
337 2181 381 2246 ad
396 2183 465 2266 ejus
481 2181 617 2263 ferorae,
644 2183 819 2248 dummodo
836 2185 1012 2248 transitum
1030 2205 1087 2268 per
1113 2186 1244 2250 territo·
1351 2191 1354 2200 ’

113 2291 198 2355 rium
214 2295 362 2354 nostrum
378 2289 500 2355 habere
516 2290 632 2356 valeat.
657 2289 768 2374 Quare
785 2313 857 2355 cum
884 2298 998 2358 nostro
1016 2289 1161 2357 Consilio
1177 2291 1243 2357 Ro-

1 2385 3 2466 1
115 2405 267 2482 gaiorum
283 2396 375 2463 vobis
391 2396 592 2477 mandamus,
618 2405 776 2482 quatenus
794 2398 837 2463 ad
853 2420 980 2464 omnem
996 2399 1243 2482 requisitionem

1 2518 2 2547 1
115 2507 193 2573 dicti
210 2506 430 2571 Illustrissimi
445 2505 580 2570 Domini
596 2507 699 2572 Ducis
717 2529 850 2590 passum
868 2513 900 2572 et
917 2507 1094 2572 transitum
1110 2529 1168 2591 per
1178 2513 1243 2574 ter·

3 2649 11 2674 t
113 2615 264 2681 ritorium
280 2619 427 2679 nostrum
444 2614 523 2680 dare
541 2615 688 2680 debeatis
715 2614 891 2698 Magnifice
913 2615 1054 2681 Domino
1080 2614 1240 2683 Scander-

1 2735 2 2740 ’
113 2723 196 2807 bego
213 2723 312 2788 eundi
328 2746 400 2789 cum
417 2723 569 2806 gentibus
586 2723 652 2788 suis
667 2724 717 2788 vel
734 2724 833 2788 etiam
850 2723 917 2789 suis
940 2723 1093 2807 gentibus
1110 2725 1177 2792 sine
1195 2745 1241 2807 eo,

1 2817 12 2900 f'
113 2833 155 2898 ad
173 2831 322 2898 subsidia
339 2831 479 2914 predicti
504 2830 638 2896 Domini
665 2830 779 2914 Ducis,
807 2833 957 2898 habendo
984 2853 1109 2915 semper
1134 2837 1242 2898 tamen

1 2925 2 2967 ³
113 2941 234 3006 bonam
251 2939 490 3006 advertentiam
508 2939 551 3004 ad
578 2940 785 3004 securitatem
811 2944 917 3004 status
943 2945 976 3003 et
1002 2939 1146 3004 locorum
1171 2961 1244 3005 nos·

113 3054 256 3128 trornm;
273 3053 306 3112 et
331 3048 417 3112 circa
443 3047 621 3112 transitum
646 3045 790 3111 dandum
819 3045 967 3130 gentibus
998 3044 1155 3128 predictis
1186 3067 1243 3112 vos

115 3178 187 3224 oum
203 3156 321 3220 ceteris
337 3153 537 3220 Rectoribus
554 3155 676 3218 nostris
693 3153 847 3232 Albanis,
874 3175 933 3236 per
958 3173 1095 3236 quorum
1111 3153 1243 3220 territo·

112 3265 197 3330 rium
214 3263 356 3328 transire
372 3263 542 3341 haberent,
558 3263 742 3346 intelligere
752 3263 916 3360 debeatis.

221 3371 268 3435 Et
283 3377 433 3454 preterea
449 3394 489 3436 ex
504 3393 597 3454 nunc,
623 3371 711 3455 quod
727 3394 785 3455 per
801 3373 938 3453 primam
956 3370 1095 3454 galeam,
1112 3391 1172 3454 que
1190 3391 1242 3436 ex·

113 3479 272 3561 pedietur‚
298 3479 472 3561 collegium
496 3477 587 3560 loqui
604 3478 713 3543 'faciat
739 3479 930 3544 comunitati
955 3476 1093 3561 Rugusii
1119 3476 1153 3540 in
1185 3475 1241 3541 illa

113 3585 218 3652 forma
237 3594 270 3652 et
286 3587 440 3653 cumillis
457 3585 574 3667 verbis,
590 3608 653 3669 que
670 3586 757 3653 dicto
775 3587 911 3669 collegio
928 3584 1110 3652 videantur.

219 3693 380 3776 Departe
453 3735 488 3743 -
540 3729 582 3738 -
632 3697 706 3758 164.

220 3800 273 3866 De
291 3823 357 3866 non
449 3839 491 3848 -
538 3839 580 3847 -
673 3807 702 3866 0.

219 3907 295 3974 Non
312 3909 431 3974 sinceri
450 3945 493 3955 —
543 3951 578 3960 -
674 3913 703 3972 0.

218 4015 320 4099 Nota,
350 4015 440 4099 quod
464 4016 590 4082 additio
615 4015 701 4083 lacta
725 4016 845 4082 litteris
870 4015 1033 4081 directius
1059 4011 1181 4080 Oomiti
1206 4019 1240 4079 et

26 4196 28 4205 ,
114 4123 294 4208 Capitaneo
325 4121 466 4207 Sectam,
499 4122 650 4189 videlicet
674 4146 694 4191 a
718 4123 805 4190 infra
830 4123 988 4208 processit
1012 4119 1052 4188 de
1079 4119 1233 4190 mandato

115 4233 214 4299 totius
231 4231 371 4314 collegii.

95 4395 97 4404 '
220 4395 375 4447 (Velcnczei
390 4395 589 4460 allamkiinyv.)
