3314 5300
382 405 447 467 344
737 418 970 464 urruouaczmr
993 404 1159 463 nunsunu

490 583 564 648 Hoc
589 555 699 647 omnia
724 581 766 646 R.
790 580 991 645 Paternitati
1008 578 1128 644 Vestre
1155 577 1322 644 declarata
1338 578 1511 661 voluimus

385 714 483 776 quam
499 713 661 776 rogamus,
676 696 712 755 ut
729 691 814 754 sicut
829 689 900 772 ipsa
916 707 996 771 opus
1012 686 1082 752 fore
1097 687 1305 767 intellexerit,
1319 687 1380 753 hec
1396 689 1512 753 eadem

381 801 486 883 Regie
509 799 681 883 Majestati
707 798 815 863 verbis
840 797 964 861 idoneis
989 796 1143 876 declaret,
1169 795 1388 879 iustificetque
1405 804 1439 862 et
1455 799 1511 863 ho-

380 915 486 974 nestet
501 908 691 974 Dominium
715 913 871 972 nostrum.
895 905 1055 972 Hortetur
1081 911 1232 989 preterea
1247 905 1389 988 Regiam
1405 908 1511 989 ipsam

381 1017 592 1102 Majestatem
610 1014 652 1080 ad
668 1015 875 1097 magnanime
890 1011 1073 1080 faciendam
1089 1020 1203 1079 contra
1218 1014 1384 1079 inimicum
1400 1021 1436 1079 et
1450 1037 1512 1099 pro

382 1147 442 1192 sua
466 1124 640 1208 prudentia
664 1130 697 1187 et
721 1121 894 1206 diligentia
918 1128 1080 1206 operetur,
1105 1129 1142 1188 ut
1166 1124 1301 1206 pecunie
1316 1128 1384 1188 tam
1400 1145 1461 1207 per
1480 1123 1513 1191 S.

381 1231 582 1313 Pontificem,
608 1253 707 1314 quam
722 1251 855 1315 pernes
871 1231 999 1311 collate,
1024 1230 1151 1296 utiliter
1167 1236 1201 1296 et
1215 1230 1380 1297 fructuose
1397 1253 1512 1316 expen-

383 1344 512 1408 dantur.
535 1341 581 1406 Et
606 1346 765 1426 quantum
791 1341 950 1420 succedet,
975 1346 1197 1424 quantumque
1213 1346 1361 1406 occurret
1376 1341 1513 1425 dignum

382 1451 503 1517 noticia
519 1456 641 1531 nostra,
670 1450 842 1532 presertim
857 1470 932 1514 vero
950 1454 1108 1531 quantum
1123 1453 1269 1514 secutum
1286 1455 1320 1514 et
1336 1447 1428 1513 dere
1444 1449 1512 1534 illa,

382 1559 490 1642 deque
505 1557 549 1622 ad
564 1579 622 1623 nos
638 1557 814 1641 scripsistis
830 1559 882 1623 die
898 1558 1014 1622 ultimo
1030 1555 1168 1641 Aprilis
1184 1579 1205 1622 a
1220 1557 1311 1623 vobis
1326 1556 1512 1641 intelligere

382 1670 598 1750 expectamus,
623 1688 720 1750 quam
746 1666 813 1749 hec,
839 1672 872 1732 et
896 1688 1087 1752 quecunque
1103 1666 1193 1732 nobis
1210 1671 1306 1748 grata
1322 1672 1355 1732 et
1371 1666 1512 1732 comoda

382 1775 494 1841 futura
523 1773 732 1858 intellexerit,
771 1782 922 1859 prompte
953 1782 985 1841 et
1015 1775 1191 1859 diligenter
1222 1773 1385 1840 facturum
1418 1784 1511 1843 certo

384 1904 510 1950 scimus.

492 1992 536 2074 ΔΓ
584 1996 645 2056 137
694 2029 737 2039 -
784 1998 804 2057 o
850 2029 893 2040 —
942 1997 969 2059 1.

491 2155 649 2217 (Velenczei
664 2157 845 2221 allamkdnyv
862 2158 965 2218 1021.)

871 2356 1033 2364 ——-—-

915 2591 988 2652 213.

388 2752 483 2815 1465.
515 2751 545 2816 A
572 2753 724 2816 veleoczci
748 2754 825 2838 ἄορι
852 2752 1017 2816 utccitdso
1038 2753 1172 2817 Venerio
1189 2754 1330 2816 Fercocz
1356 2777 1517 2840 mcqycr·
1584 2775 1588 2784 ·

761 2865 889 2948 orszdgi
904 2863 993 2925 lover
1008 2863 1138 2926 reiecero.

277 3125 281 3130 .
386 3057 649 3128 MOOOOLXV.
666 3060 718 3124 die
735 3057 833 3126 XVI.
850 3060 875 3125 J
877 3058 945 3142 ulij.

495 3167 685 3233 Commissio
713 3165 773 3232 Ser
799 3168 967 3233 Francisci
984 3167 1125 3236 Venerio
1152 3163 1303 3232 Oratoris
1332 3167 1374 3231 ad
1392 3165 1525 3248 Regem

387 3277 558 3357 Hungarie
574 3276 819 3359 proficiscentis.

389 3381 641 3449 lOOssSfllffl'lUS
768 3388 771 3540 1
893 3402 1150 3486 Christophorus
1175 3401 1304 3482 Mauro,
1331 3402 1384 3466 dei
1407 3403 1527 3483 gratia

388 3491 559 3575 Sapientes
577 3489 713 3576 OOHSflll
820 3513 897 3576 Dux
913 3513 1125 3579 Venetiarum
1142 3518 1175 3577 et
1191 3516 1251 3574 eet.
1270 3507 1525 3575 Committimus
1561 3527 1565 3532 ·

480 3625 495 3659 2>
588 3605 611 3664 t·
627 3598 649 3664 f·
820 3620 881 3685 uu
897 3620 999 3684 noun
1016 3622 1084 3684 viro
1101 3620 1276 3684 manauco
1293 3619 1447 3700 venerio,
1471 3619 1527 3684 ui.

389 3710 420 3776 S·
438 3709 479 3774 N·
497 3708 685 3773 Trll'lssanus
820 3729 902 3792 lecto
921 3725 993 3793 Oivi
1019 3735 1051 3794 et
1077 3727 1166 3792 fideli
1191 3734 1312 3808 nostro,
1338 3734 1376 3792 ut
1393 3734 1528 3810 quanto

389 3815 704 3916 QRiQS-Ol'difflffl
768 3873 770 3919 Ι
821 3837 1009 3919 diligentius
1034 3858 1091 3919 per
1116 3844 1148 3902 te
1173 3837 1244 3902 fieri
1270 3841 1387 3921 potest,
1413 3835 1530 3900 solici-

388 3945 488 4010 taudo
504 3947 567 4010 iter
582 3951 683 4025 tuum,
709 3945 846 4010 accedas
865 3941 987 4011 Orator
1003 3952 1113 4011 noster
1128 3946 1170 4011 ad
1186 3943 1434 4012 Serenissimum
1452 3943 1531 4010 Do-

388 4055 509 4118 minum
525 4053 648 4136 Regem
659 4053 853 4136 Hungarie3
869 4061 901 4120 et
918 4055 951 4118 in
967 4056 1029 4119 hoc
1045 4061 1101 4120 tuo
1118 4056 1242 4136 itinere,
1260 4052 1420 4136 quomodo
1432 4054 1531 4120 viam

391 4163 562 4228 Alemanie
580 4169 612 4226 et
628 4168 789 4226 terrarum
806 4162 1011 4230 Serenissimi
1030 4163 1162 4228 Domini
1178 4162 1393 4245 imperatoris
1410 4159 1532 4230 lacere

388 4272 567 4350 instituisti,
585 4272 612 4334 si
630 4277 787 4352 occurret,
805 4271 893 4355 quod
910 4273 980 4356 ejus
997 4273 1209 4356 Majcstatem
1226 4270 1346 4336 alicubi
1361 4271 1531 4358 inveniare,

389 4381 480 4446 illam
496 4384 608 4445 nostro
624 4381 753 4444 nomine
769 4380 927 4463 visitabis,
954 4385 986 4444 et
1002 4381 1062 4445 sub
1079 4380 1182 4445 literis
1198 4381 1320 4445 nostris
1337 4377 1533 4448 credentia-

389 4489 482 4572 libus,
507 4510 587 4573 quas
603 4488 664 4554 tibi
682 4487 754 4553 dari
767 4489 932 4572 jussimus,
957 4489 1056 4554 facies
1074 4491 1312 4569 convenientes
1340 4493 1373 4553 et
1388 4486 1531 4556 honori-

389 4598 467 4664 ficas
491 4597 833 4680 recommendationem
866 4598 1047 4684 offeresque
1073 4618 1141 4678 nos,
1182 4604 1302 4665 statum
1329 4601 1361 4663 et
1388 4618 1532 4684 queque
