3268 5308
731 757 779 816 79.

187 911 293 974 1462.
312 911 343 976 A
360 913 512 976 velenczei
527 913 941 978 ullamranucstarcrozata
961 914 1064 980 Clissu
1082 920 1141 980 υάν
1157 913 1317 980 dirtokdo·

559 1020 715 1084 acceleret
732 1019 947 1106 felte'teleirdl.

187 1215 462 1284 MOOOOLXIL
477 1216 529 1281 die
545 1217 710 1281 XXIIII.
726 1217 852 1302 Martij.

188 1323 362 1407 ὃὸΡῙθῐῐῖθὸ
379 1323 517 1408 OOssSilll
665 1339 762 1406 Alite
794 1341 919 1406 diverse
944 1343 1070 1424 pratioe
1102 1343 1211 1408 habite
1243 1350 1318 1409 sunt

281 1457 296 1490 ³>
392 1439 414 1496 i·
431 1433 451 1496 f·
470 1438 504 1496 el
621 1471 679 1532 pro
704 1449 852 1514 habendo
878 1449 1014 1514 castello
1041 1447 1149 1534 Olissij
1182 1457 1215 1515 et
1245 1451 1318 1515 ulti·

283 1565 296 1597 »
392 1539 564 1639 QQIJI,
621 1564 708 1622 mate
724 1557 938 1622 deliberatum
967 1556 1030 1621 fnit
1045 1579 1103 1639 per
1129 1557 1190 1621 hoc
1206 1556 1318 1621 Consi-

186 1668 268 1730 lium
288 1667 473 1750 expendere
488 1666 635 1732 Ducatos
653 1666 694 1730 ah
716 1672 789 1731 octo
800 1664 1059 1748 usqueXmilla.
1075 1665 1126 1728 lm
1142 1665 1319 1747 presentia·

188 1797 262 1838 rum
278 1796 354 1839 vero
381 1771 497 1839 Comes
522 1774 676 1838 Matheus
702 1772 741 1838 de
765 1773 880 1839 Poliza
905 1773 1010 1838 fidelis
1036 1772 1185 1837 subditus
1211 1776 1319 1835 noster

186 1883 319 1946 veniens
348 1883 390 1946 ad
415 1889 559 1946 nostram
585 1883 782 1964 presentiam
807 1882 936 1946 nomine
969 1869 1263 1947 Stefani'Strisich
1280 1879 1319 1944 de

187 1989 400 2072 Rodohiglia,
427 1991 481 2074 qui
505 1990 673 2055 castellnm
696 1990 801 2072 ipsum
821 1989 919 2054 hahet
945 1991 979 2054 in
1002 1987 1161 2068 manibus,
1179 1986 1319 2051 offerens

189 2098 269 2162 dare
286 2097 368 2162 illud
379 2099 417 2168 -in
433 2099 582 2162 manibus
606 2098 709 2162 nostri
733 2097 890 2181 Dominij,
906 2098 1053 2181 porrexit
1079 2097 1141 2160 ista
1167 2093 1321 2178 capitula,

190 2213 226 2270 et
242 2227 302 2288 pro
319 2206 390 2288 ipso
408 2203 544 2270 stefano
560 2254 695 2269 .....
720 2204 843 2268 Ioanne
860 2209 893 2268 et
909 2201 1055 2286 Georgio
1067 2201 1228 2267 iratribus
1245 2202 1321 2280 suia,

188 2313 269 2377 fecit
285 2313 335 2377 his
351 2315 534 2396 petitiones,
560 2335 621 2396 que
638 2317 713 2377 sunt
738 2313 841 2379 multo
866 2313 1006 2377 minores
1032 2317 1065 2376 et
1091 2308 1321 2375 commodiores

186 2443 249 2503 pro
270 2427 382 2488 nostro
392 2421 557 2503 Dominio,
574 2443 672 2504 quam
688 2443 770 2505 quas
786 2421 867 2485 alias
883 2419 991 2486 facere
1008 2419 1210 2499 voluerimuS,
1226 2439 1321 2500 prop-

186 2533 280 2593 terea
299 2535 432 2596 attenta
449 2529 577 2594 castelli
594 2529 732 2612 predicti
747 2528 850 2592 multa
871 2526 1083 2610 importantia
1108 2523 1150 2590 ad
1175 2546 1226 2589 res
1251 2544 1321 2588 nos-

189 2642 262 2700 tras
278 2635 465 2702 Dalmatio:
482 2637 574 2702 vadit
589 2659 676 2720 pars,
702 2636 788 2720 quod
808 2635 953 2718 capitula
979 2641 1012 2699 et
1036 2634 1211 2717 petitiones
1237 2632 1322 2696 lacte

187 2765 248 2825 per
273 2743 434 2826 prefatum
460 2744 621 2810 Comitem
646 2744 818 2810 Matheum
833 2743 964 2808 nomine
981 2741 1125 2826 ejusdem
1162 2737 1322 2822 Stephani

187 2856 221 2913 et
246 2849 385 2915 fratrum
410 2853 607 2916 auctoritate
622 2852 716 2934 hujus
733 2849 868 2935 Oonsilij
903 2850 1116 2916 admittantur
1149 2853 1182 2912 et
1207 2865 1323 2928 appro-

186 2957 316 3040 bentur,
332 2958 478 3042 fiantque
495 2963 645 3042 petentes
661 2959 779 3038 littere,
795 2981 857 3042 que
877 2958 1051 3023 mittantur
1067 2955 1109 3020 ad
1124 2975 1243 3020 manus
1261 2949 1323 3016 00-

186 3065 277 3130 mitis
308 3068 412 3131 nostri
439 3066 574 3150 Spaleti,
601 3088 674 3131 cnm
698 3067 863 3149 mandato,
889 3071 926 3129 ut
957 3065 1083 3129 volente
1109 3061 1222 3127 eodem
1254 3057 1324 3125 ste·
1395 3139 1398 3144 Ι

187 3174 297 3256 phano
315 3177 486 3257 assignare
503 3173 672 3238 castellum
697 3174 889 3258 predictum,
914 3174 1043 3237 mittere
1070 3170 1189 3236 debent
1215 3189 1325 3251 accep·

188 3286 260 3344 tum
277 3286 424 3346 tenutam
442 3281 531 3345 illius
547 3283 676 3346 nomine
693 3281 797 3346 nostri
813 3280 971 3364 Dominij,
988 3286 1020 3344 et
1037 3280 1150 3344 mittat
1164 3277 1325 3343 Jacobum

189 3385 347 3452 Arditnm
374 3387 663 3456 Commentahilem
688 3395 834 3453 nostrum
851 3410 925 3452 cnm
942 3409 1001 3452 sua
1018 3385 1174 3450 societate
1195 3389 1227 3448 et
1244 3383 1325 3446 alios

191 3495 301 3577 etiam,
323 3495 346 3560 si
366 3516 496 3564 necesse
513 3495 619 3577 fuerit,
636 3495 696 3561 suh
714 3494 826 3560 eodem
846 3493 985 3573 Jacoho,
1001 3514 1073 3556 cum
1089 3491 1148 3556 tali
1173 3489 1268 3555 modo
1295 3493 1327 3553 et

189 3601 418 3686 intelligentia,
446 3602 533 3685 quod
548 3623 601 3668 res
619 3601 661 3666 ad
677 3608 787 3667 votnm
804 3599 1004 3680 conficiatur,
1021 3604 1053 3662 et
1070 3601 1241 3662 remaneat
1257 3616 1326 3659 oas-

192 3709 305 3774 tellum
331 3711 436 3792 ipsum
463 3711 585 3794 optime
611 3710 816 3790 custoditum,
843 3708 946 3773 donec
972 3729 1030 3772 nos
1057 3707 1140 3771 alias
1159 3704 1328 3769 fecerimus

192 3815 385 3899 provisione.
409 3818 455 3882 Et
481 3822 616 3902 accepta
630 3821 743 3882 tenuta
759 3816 856 3897 illius,
882 3815 937 3880 det
953 3821 986 3878 et
1006 3815 1151 3894 assignet
1167 3811 1328 3876 fratribus

201 3923 396 4006 supradictis
418 3930 569 4006 patentes
594 3925 720 3990 litteras
750 3922 845 3988 simul
871 3943 942 3987 oum
967 3919 1106 3984 Ducatis
1134 3916 1221 3984 Coo
1234 3917 1330 4000 juxta

194 4032 426 4098 continentiam
451 4031 619 4114 petitionis
645 4051 763 4110 eorum,
788 4029 978 4111 advisetque
1004 4025 1193 4090 Dominium
1223 4024 1328 4090 subito

195 4146 227 4202 et
242 4138 430 4204 immediate
447 4139 486 4204 de
503 4139 549 4202 rei
566 4159 722 4219 successu,
757 4139 850 4220 copia
866 4156 940 4201 vero
956 4133 1180 4219 predictarum
1203 4134 1327 4199 littera·

195 4267 267 4310 rum
282 4246 402 4310 dentur
419 4245 606 4328 supradicto
625 4241 744 4309 Oomiti
761 4242 904 4325 Matheo,
920 4242 1005 4306 sicut
1020 4240 1164 4322 requirit.

302 4349 423 4418 Comiti
440 4373 515 4416 vero
531 4351 668 4417 Matheo
686 4351 883 4414 auctoritate
910 4349 1007 4432 hujus
1034 4344 1171 4429 Oonsilij
1198 4366 1328 4410 consen·

197 4461 251 4524 tiri
266 4465 299 4524 et
314 4459 510 4542 complaceri
526 4458 642 4523 debeat
660 4457 700 4520 de
717 4455 880 4523 nonnullis
897 4457 965 4539 ejus
991 4454 1135 4519 honestis
1161 4451 1328 4534 petitioni-

200 4567 267 4650 bus,
285 4589 348 4652 que
365 4571 440 4633 sunt
456 4566 506 4647 he,
523 4565 610 4646 casu,
628 4585 691 4648 quo
708 4585 759 4628 res
776 4563 819 4630 ad
835 4563 984 4630 effectum
1001 4560 1205 4648 perducatur.
1233 4561 1328 4630 Post·
