3314 5300
651 404 745 467 1465.
1049 371 1052 376 ’
1200 411 1263 471 365

244 575 473 644 Illustrissimo
499 579 646 664 Principi
672 556 710 646 ac
735 582 1019 647 Excellentissimo
1045 581 1086 647 D.
1113 583 1153 647 D.
1178 584 1265 649 Duci

135 681 318 749 Mediolani
334 691 393 750 etc.

245 848 371 908 (Milandi
384 848 467 899 allam
481 849 556 912 ltetr.)

546 1242 550 1248 ’
666 1268 738 1330 aaa.

136 1427 232 1489 1465,
260 1423 288 1488 A
308 1427 461 1492 velenezei
476 1427 693 1493 dllomtoodco
708 1429 916 1494 hotdrozatoi
933 1453 953 1494 o
970 1429 1112 1494 tiiro‘lcloet
1128 1429 1261 1495 kalendo

555 1538 626 1600 beiloe
646 1539 839 1624 tdrpydbcn.

41 1825 48 1832 .
137 1720 406 1799 uoooouxu.
424 1711 788 1799 devincemus(

239 1835 398 1903 Dubitum
415 1839 549 1923 aliquod
565 1861 628 1904 non
645 1845 703 1920 est,
729 1841 863 1905 attentis
879 1841 920 1923 ijs
936 1839 1082 1921 maxime,
1108 1860 1170 1922 que
1187 1837 1260 1904 hac·

1 1970 8 2030 [
131 1950 224 2008 tenus
249 1947 319 2016 visa
345 1953 427 2025 sunt,
453 1945 539 2029 quod
557 1945 599 2010 ad
615 1947 739 2010 nullum
756 1948 855 2012 alium
870 1948 966 2011 finem
982 1947 1107 2012 Turcus
1124 1945 1164 2010 de
1180 1966 1259 2029 pace

11 2131 15 2140 Ι
49 2071 51 2077 ’
130 2055 181 2118 tot
206 2052 267 2135 vijs
284 2057 414 2118 tentare
429 2074 487 2118 nos
503 2052 589 2134 fecit,
613 2054 676 2118 nisi
693 2075 792 2118 causa
806 2053 953 2118 lentandi
969 2054 1170 2136 provisiones
1187 2075 1259 2118 nos-

10 2193 19 2210 ‚‚
130 2165 209 2241 tras,
236 2159 322 2243 quod
338 2181 377 2224 ne
394 2167 598 2226 consecutum
615 2161 772 2241 videatur,
789 2161 879 2225 vadit
894 2182 987 2244 pars:
1012 2160 1100 2243 quod
1116 2160 1259 2226 conside-

20 2276 22 2285 '
129 2273 212 2344 rato,
238 2267 322 2348 quod
348 2265 429 2332 nihil
446 2268 549 2350 magis
566 2268 709 2332 Turcum
725 2269 831 2352 ipsum
848 2268 890 2333 ad
907 2289 1020 2350 pacem
1035 2267 1186 2332 inducere
1202 2289 1258 2350 po·
1339 2345 1343 2355 f

1 2373 2 2386 ¹
129 2378 202 2458 test,
229 2395 327 2456 quam
351 2373 485 2440 bellicus
511 2381 698 2459 apparatus,
723 2378 756 2440 in
781 2377 908 2442 nomine
924 2375 1057 2441 Domini
1074 2381 1107 2440 et
1123 2376 1155 2439 in
1172 2375 1258 2439 bona

128 2483 238 2562 gratia
264 2481 315 2546 die
341 2483 420 2546 luna
444 2485 591 2565 proximo
617 2485 649 2549 in
675 2485 792 2568 majori
808 2482 953 2550 Consilio
969 2505 1030 2566 per
1045 2481 1125 2547 duas
1141 2504 1256 2547 manus

0 2593 1 2598 ’
128 2587 319 2653 electionum
341 2595 374 2654 et
390 2589 571 2656 soritinium
586 2591 620 2656 in
636 2592 697 2657 hoo
714 2590 857 2659 Consilio
875 2590 946 2656 fieri
963 2589 1079 2655 debeat
1095 2611 1178 2654 unus
1195 2589 1257 2656 Oa-

13 2721 17 2726 ·
128 2696 280 2778 pitaneus
296 2697 456 2778 generalis
473 2699 571 2763 maris
587 2681 658 2766 loco
676 2696 736 2764 Ser
752 2699 776 2765 J
778 2697 870 2763 aoobi
887 2696 1084 2762 Lauredano
1101 2702 1134 2761 et
1150 2703 1209 2762 eet.

237 2802 280 2886 ΔΓ
329 2807 390 2868 125
438 2842 480 2851 -
529 2810 571 2870 ao
617 2844 659 2852 -
709 2811 736 2871 τ.

126 2923 398 2994 MOOCCLXV.
415 2929 466 2994 die
483 2928 543 2996 VI.
561 2930 764 2996 Novembris.

8 3114 21 3130 .,
127 3033 322 3104 servilafis
337 3036 454 3102 LandO
610 3056 773 3142 Quoniam
798 3055 1017 3121 necessarium
1038 3056 1169 3120 omnino
1196 3060 1254 3136 est,

125 3142 251 3208 D0<³l0r
267 3150 300 3207 el
318 3144 410 3208 miles
557 3166 756 3248 investigare
773 3185 900 3229 omnem
917 3162 1106 3246 possibilem
1122 3163 1255 3229 modum

6 3349 11 3354 ι
127 3247 346 3332 sapiemus.
558 3272 745 3355 imponendi
771 3270 867 3336 finem
888 3271 964 3334 huic
980 3270 1254 3353 periculosissimo

348 3345 495 3352 ——.-

1 3470 2 3489 Χ
55 3371 58 3376 ’
125 3373 263 3440 'Pureieo
280 3375 378 3458 bello,
394 3378 555 3444 nonmodo
573 3378 614 3444 ob
631 3379 865 3444 intollerabiles
882 3377 1083 3442 conditiones
1103 3377 1204 3459 ipsius
1221 3383 1255 3442 et

124 3488 265 3561 nostrae,
292 3489 324 3548 et
349 3483 509 3550 defectum
535 3486 675 3550 aliorum
691 3485 941 3551 christianorum
958 3505 978 3548 a
994 3482 1146 3568 subsidijs
1162 3488 1254 3548 tante

0 3580 1 3611 ³
123 3591 228 3672 molis,
255 3594 481 3657 verumetiam
499 3591 539 3658 ob
557 3593 700 3675 insidias,
718 3613 781 3676 que
797 3591 1008 3674 undecunque
1025 3591 1178 3656 adversus
1194 3612 1252 3656 nos

1 3709 13 3771 ῖ·
60 3705 63 3709 ’
122 3697 214 3766 tendi
230 3698 390 3783 videntur,
406 3697 496 3764 vadit
512 3721 606 3783 pars:

232 3804 328 3890 Quod
345 3829 408 3872 non
425 3808 625 3891 expectando
640 3807 777 3874 ulterius
788 3805 961 3873 adventum
971 3803 996 3870 J
997 3803 1089 3870 acobi
1099 3804 1138 3869 de
1149 3802 1252 3884 Bona,

2 3902 3 3922 l
75 3917 81 3922 '
122 3913 216 3999 cujus
242 3915 399 3979 terminus
421 3915 615 3998 jampridem
643 3921 694 3981 est
710 3917 848 3999 elapsus
874 3936 934 3979 nee
949 3912 1127 3979 fundantes
1142 3930 1201 3977 nos
1217 3909 1252 3976 in

10 4062 12 4071 ·
122 4023 271 4106 practica
287 4022 355 4086 ulla
372 4018 492 4087 Sancte
509 4023 636 4103 Maure,
666 4028 781 4106 utpote
798 4024 832 4086 in
848 4043 895 4103 ea,
912 4041 975 4104 que
993 4021 1034 4086 ab
1051 4019 1251 4105 experientia

3 4602 9 4766 i

3 4765 22 4820 k.

88 4149 91 4154 ’
122 4129 350 4194 animadversa
366 4136 425 4209 est,
441 4151 507 4195 non
524 4130 619 4194 modo
635 4130 832 4211 longissima,
849 4129 907 4193 sed
923 4129 1021 4193 etiam
1031 4149 1123 4208 vana,
1140 4145 1250 4196 omnes

1 4261 8 4275 ·
122 4239 164 4303 de
180 4236 339 4321 Collegio,
364 4237 423 4302 sub
450 4236 561 4303 debito
577 4236 779 4319 sacramenti,
806 4236 858 4300 die
874 4237 1017 4300 crastina
1033 4233 1151 4301 adhoc
1167 4231 1251 4299 Ocn-

121 4344 239 4426 silium‚
270 4365 341 4409 cum
359 4346 565 4428 opinionibus
583 4345 648 4410 suis
664 4344 773 4408 venire
789 4349 971 4424 teneantur,
997 4349 1029 4408 et
1044 4363 1162 4427 ponere
1178 4362 1250 4425 par-

120 4459 185 4516 tem
212 4453 302 4536 pacis
330 4452 470 4518 ineundo
496 4473 569 4518 eum
587 4452 702 4532 Tmen,
729 4449 794 4516 illis
811 4451 884 4534 alijs
901 4451 1074 4516 oelioribus
1091 4456 1123 4514 et
1140 4449 1248 4514 melio-

3 4577 5 4602 ³
62 4580 66 4584 ·
118 4560 210 4626 ribus
227 4560 341 4642 modia,
358 4561 414 4642 qui
424 4561 638 4641 videbuntur3
655 4565 688 4624 ct
699 4557 870 4623 differatur
880 4558 977 4649 scribi
988 4559 1021 4622 iu
1032 4558 1283 4644 Hungariam„
