3256 5304
329 399 394 463 278
682 407 918 454 niencnnczmr
934 395 1101 450 anfranco.

331 582 383 640 tro
392 574 431 638 B.
441 570 592 638 Pontifici
607 569 843 653 significabitis,
859 572 895 631 ut
905 565 972 632 Sua
983 565 1150 631 Sanctitas
1167 565 1276 628 omnia
1287 563 1464 644 intelliget,

333 683 415 746 sicut
432 699 498 758 noe,
522 677 574 741 cui
591 677 689 740 etiam
705 674 915 759 subjungens,
946 671 1034 756 quod
1050 673 1133 736 sicut
1149 689 1363 754 sepenumero
1380 669 1462 733 dixi-

330 809 411 870 mus,
437 786 577 851 omnium
604 784 860 866 intelligentium
875 781 968 846 firma
984 779 1148 846 sententia
1165 784 1222 860 est,
1248 777 1334 860 quod
1352 777 1395 842 ad
1411 799 1466 841 vo·

331 895 463 962 lendum
488 893 702 958 exterminare
717 890 968 975 perfidissimum
983 888 1109 953 hostem
1125 887 1233 968 istum,
1258 887 1311 950 via
1327 885 1467 967 Hunga-

332 1007 379 1070 rie
403 1000 629 1086 principaliter
644 1006 720 1064 ante
737 1020 849 1064 omnes
865 998 948 1063 alias
965 997 1150 1062 necessaria
1166 1002 1232 1076 est3
1257 993 1315 1059 sed
1331 1013 1466 1075 cognos-

335 1113 436 1176 cimus
452 1109 578 1193 Regem
595 1109 767 1191 Hungarie
783 1129 842 1191 per
858 1129 892 1172 se
908 1105 1022 1188 solum,
1050 1106 1177 1188 nisique
1193 1105 1316 1170 habeat
1331 1103 1466 1168 modum

333 1239 452 1303 parare
469 1217 684 1300 potentiorem
700 1216 890 1280 exercitum:
908 1235 973 1279 non
989 1235 1058 1278 esse
1075 1212 1286 1277 sufficientem
1303 1210 1346 1277 ad
1359 1211 1467 1294 oppri-

335 1326 486 1391 mendam
511 1325 693 1408 potentiam
720 1325 805 1389 tanti
831 1323 943 1388 hostis.
975 1320 1064 1386 Nam
1080 1321 1179 1386 etiam
1194 1341 1266 1386 cum
1281 1318 1395 1385 favore
1411 1341 1467 1403 pe·

336 1435 514 1513 coniciam,
540 1452 622 1514 quas
638 1431 811 1516 Majestati
828 1429 893 1495 Sue
918 1429 1122 1511 contulimus,
1147 1450 1211 1494 non
1238 1429 1307 1493 sine
1322 1429 1468 1492 maxima

338 1539 540 1620 difficultate,
566 1546 701 1624 propter
715 1538 922 1604 incredibiles
938 1558 1105 1622 expensae,
1131 1559 1212 1619 quas
1229 1538 1383 1620 patimur,
1400 1557 1467 1600 cer-

338 1653 407 1713 tum
433 1652 465 1710 et
489 1647 710 1712 indubitatum
735 1652 793 1728 est,
819 1645 1034 1712 Serenitatem
1061 1644 1171 1724 Suam,
1196 1666 1261 1708 non
1277 1665 1384 1727 posse,
1409 1663 1470 1706 nec

338 1775 408 1819 esse
428 1754 596 1837 facturam,
623 1761 782 1838 quantum
800 1755 980 1820 necessario
996 1753 1135 1837 requirit
1150 1775 1256 1816 rerum
1274 1753 1470 1816 christiano-

337 1883 409 1926 rum
426 1861 523 1925 salus.

446 1968 922 2052 †1nc-5-5.

450 2150 607 2210 (Velcnczei
621 2151 801 2214 allamktnyv
818 2155 858 2201 17.
872 2151 901 2211 l.)

828 2385 985 2393 -.---—-

344 2835 439 2897 1464.
467 2833 568 2899 Collis
587 2835 710 2899 Getltrr
732 2835 872 2898 mitono·
888 2832 976 2898 lebret
993 2859 1014 2898 a
1032 2833 1186 2898 velenczei
1203 2833 1475 2934 koztdpsosripndl

438 2941 626 3028 fejedelme't
643 2967 663 3006 o
679 2965 818 3028 mappae·
836 2943 1005 3006 re'szekbeli
1022 2942 1112 3006 tortile
1127 2941 1382 3026 mozpolmalcro'l

828 3051 996 3134 lodocitjc.

454 3262 681 3326 Illustrissime
707 3264 863 3346 Princeps
888 3285 927 3328 ac
951 3262 1234 3328 Excellentissimc
1258 3263 1400 3328 Domine
1416 3271 1476 3330 eto.

346 3417 637 3434 ..........
661 3369 727 3434 Per
743 3375 847 3452 gente,
869 3371 927 3434 che
944 3391 1067 3434 veneno
1085 3369 1125 3434 dc
1141 3369 1260 3435 Ystria
1276 3375 1309 3434 et
1325 3372 1369 3436 da
1386 3372 1477 3438 Zara

345 3477 386 3546 he
402 3481 451 3539 sta
467 3475 564 3558 dicto,
581 3476 641 3540 che
656 3499 721 3542 unc
739 3475 859 3542 Subasi
875 3476 929 3541 del
945 3477 1076 3542 Turcho
1093 3477 1133 3542 he
1149 3478 1270 3543 intrato
1286 3479 1326 3543 de
1343 3501 1425 3545 novo
1443 3482 1476 3544 in

344 3583 381 3648 la
405 3580 531 3648 Bcsina
556 3604 614 3648 con
638 3605 778 3668 persone
803 3584 871 3649 XL
896 3584 993 3664 mille,
1018 3590 1052 3649 et
1068 3607 1163 3650 mena
1179 3608 1199 3650 a
1215 3585 1310 3652 focho
1328 3593 1363 3652 et
1378 3587 1478 3654 fiama

347 3692 487 3772 omnino,
513 3691 572 3757 che
599 3713 634 3756 ce
655 3691 694 3755 de
712 3691 819 3772 quelle
835 3698 933 3774 terre,
958 3692 1017 3757 che
1033 3693 1061 3756 si
1076 3693 1100 3756 li
1118 3715 1196 3759 sono
1211 3693 1368 3776 rebelate,
1395 3703 1429 3762 et
1445 3697 1477 3761 lc

345 3797 398 3863 Re
425 3795 464 3862 de
480 3797 629 3880 Ungaria
657 3799 777 3864 anchcr
803 3821 868 3864 non
892 3799 932 3863 he
958 3800 1062 3866 uscito
1079 3801 1113 3863 in
1129 3822 1254 3886 campo,
1279 3823 1320 3866 ne
1337 3805 1365 3867 si
1382 3825 1479 3886 spera

347 3905 444 3972 debia
460 3907 574 3989 uscire,
590 3905 635 3970 fin
652 3906 710 3970 che
727 3929 791 3972 non
808 3927 886 3972 sono
902 3906 1039 3990 tagliate
1054 3907 1086 3972 lo
1104 3929 1215 3972 messe.

454 4015 505 4078 La
530 4013 659 4098 prefata
676 4013 831 4096 Signoria
850 4015 893 4081 ha
918 4017 952 4080 in
977 4022 1049 4082 tuto
1065 4036 1162 4100 persa
1176 4016 1209 4082 la
1226 4038 1394 4100 speranza,
1420 4019 1479 4084 che

346 4124 380 4188 la
391 4121 524 4188 Santita
542 4121 581 4187 de
598 4128 710 4188 nostro
721 4121 860 4205 Signore
878 4125 960 4190 vada
976 4145 996 4188 a
1012 4125 1045 4190 la
1061 4124 1204 4207 impresa
1219 4125 1253 4190 in
1264 4133 1382 4208 questo
1395 4150 1480 4193 anno

349 4233 383 4296 et
408 4230 441 4294 la
468 4235 597 4294 armata
616 4231 767 4296 ordinata
783 4254 848 4315 qua
864 4239 897 4298 et
912 4255 970 4316 per
985 4231 1019 4297 la
1037 4230 1168 4297 Santita
1185 4238 1218 4297 et
1234 4255 1292 4316 per
1309 4231 1481 4299 Cardinali

348 4357 390 4401 va
415 4337 442 4400 si
467 4336 675 4421 lentamente‚
700 4337 759 4402 che
784 4345 876 4421 porta
903 4339 1046 4423 pericolo
1072 4360 1137 4403 non
1162 4338 1247 4404 vada
1266 4339 1415 4424 insumo,
1437 4341 1480 4405 he

349 4449 435 4510 stato
451 4451 606 4511 rascnato
622 4447 656 4509 in
671 4447 703 4511 lo
721 4445 855 4530 Oolegic
872 4449 911 4512 de
927 4448 960 4514 la
977 4447 1106 4532 prefata
1122 4446 1275 4530 Signoria
1291 4447 1331 4514 de
1348 4470 1479 4530 armare

335 4551 411 4614 'doe
436 4573 515 4616 nave
536 4574 657 4635 grosse,
681 4575 746 4617 non
764 4556 822 4618 che
838 4579 917 4640 pero
933 4555 1057 4620 acchon
1074 4555 1266 4638 deliberata-
1290 4555 1330 4621 de
1347 4559 1479 4644 sequira
