3268 5308
669 409 773 476 1462.Ι
1218 417 1280 477 179

150 585 193 650 D.
219 585 345 652 Ducem
370 588 444 660 huic
471 586 616 653 Consilio
642 591 779 655 relatum
804 596 862 669 est,
897 590 1148 674 respondeatur:
1193 591 1280 673 quod

149 696 337 778 gratissime
362 695 590 777 intelleximus,
616 705 772 780 quantum
788 698 873 762 idem
892 697 946 782 Sp.
963 696 1084 763 Orator
1099 698 1191 762 nobis
1207 720 1281 781 pru-

149 801 267 867 denter
292 804 448 886 exposuit,
480 825 552 868 cum
577 825 691 888 nempe
717 812 812 888 parte
838 803 1045 870 serenissimi
1070 805 1280 872 Dominisni

149 909 262 993 Regis,
297 910 402 974 multa
426 911 519 976 nobis
544 914 843 978 commemoraverit
870 914 1099 978 concernentia
1123 912 1280 978 honorem

149 1016 225 1100 Dei,
240 1039 280 1082 ac
295 1016 432 1084 salutem
448 1020 586 1084 nominis
603 1020 791 1101 christiani;
807 1019 950 1085 nihilest
965 1019 1121 1103 profecto,
1139 1019 1225 1105 quod
1241 1019 1280 1083 li-

147 1123 290 1206 beotius,
314 1129 371 1190 aut
391 1126 563 1208 jocundius
590 1125 703 1192 audire
728 1148 906 1211 possemus,
932 1148 1029 1210 quam
1055 1127 1142 1209 quod
1168 1133 1280 1192 sancte

149 1231 348 1313 expeditioni
377 1239 490 1298 contra
505 1233 664 1316 perfidum
679 1234 803 1300 hostem
820 1236 918 1299 istum
934 1235 1058 1299 votivus
1074 1215 1217 1315 effectus,
1241 1254 1280 1298 ac

150 1339 339 1406 desiderata
365 1343 512 1406 executio
539 1342 612 1407 dari
638 1344 750 1426 possit.
783 1341 924 1426 Agimus
944 1341 1124 1408 Serenitati
1141 1341 1206 1408 Sue
1233 1343 1280 1406 in-

148 1455 265 1531 gentes
280 1449 406 1530 gratias
423 1469 482 1530 pro
500 1451 747 1533 sapientissimis
763 1450 1122 1516 commemorationibus
1140 1450 1280 1516 suisfac-

149 1559 194 1622 tis
219 1559 253 1622 in
270 1559 336 1622 ista
352 1558 499 1640 materia,
525 1581 607 1642 quas
624 1582 688 1624 non
710 1562 789 1625 satis
805 1559 951 1642 laudare,
976 1581 1035 1624 neo
1051 1557 1279 1625 commendare

148 1686 243 1748 posse
260 1667 494 1750 cognoscimus,
509 1667 618 1751 cupidi
634 1668 696 1758 hoc¹
711 1669 927 1733 sactissimum
943 1690 1023 1752 opus
1038 1673 1211 1749 tantopere
1226 1688 1279 1732 ne-

149 1773 336 1853 cessarium,
353 1795 449 1857 super
466 1775 582 1855 omnia,
598 1775 800 1858 jamtandem
816 1775 929 1858 perfici
945 1796 1057 1858 posse3
1081 1776 1114 1840 in
1130 1796 1196 1858 qua
1211 1773 1280 1857 qui-

147 1879 223 1944 dem
248 1901 284 1944 re
309 1881 533 1963 proportione
549 1887 669 1962 nostra,
696 1882 796 1945 veluti
812 1881 924 1946 christi
940 1879 1061 1963 fideles,
1077 1885 1228 1964 prompto
1245 1884 1279 1945 et

149 1985 255 2052 libero
281 1989 387 2054 animo
414 1989 611 2071 pollicemur,
640 1989 794 2073 quicquid
810 1989 844 2052 in
859 1990 952 2054 nobis
970 1995 1028 2069 est,
1052 1988 1198 2072 nihilque
1213 2009 1279 2052 una

149 2117 223 2160 oum
248 2097 473 2178 potentatibus
498 2097 656 2181 predictis
682 2095 721 2160 de
747 2095 955 2179 possibilibus
979 2097 1222 2178 pretermittere
1245 2096 1278 2158 in

149 2201 313 2266 excidium
330 2203 426 2286 hujus
442 2203 564 2285 hostis;
580 2204 718 2287 ideoque
734 2203 903 2268 hortamur
915 2200 970 2287 Sp.
981 2205 1085 2286 ipsum
1097 2202 1279 2281 Oratorem,

148 2316 187 2374 ut
212 2310 377 2393 inceptum
395 2333 475 2395 opus
490 2312 576 2378 bono
593 2315 700 2378 animo
716 2319 943 2395 prosequatur,
968 2317 1004 2375 ut
1019 2311 1077 2376 fiat
1092 2311 1168 2374 unio
1184 2315 1217 2372 et
1232 2311 1279 2373 in·

147 2419 335 2501 telligentia
352 2441 423 2483 curn
439 2421 594 2504 potentijs
607 2419 791 2503 antedictis,
808 2421 889 2485 sicut
899 2419 1035 2483 multum
1046 2417 1279 2498 desideramus,

150 2527 314 2610 quomodo
339 2529 422 2592 sicut
447 2529 588 2592 diximus
613 2530 720 2611 magis
746 2528 890 2611 cupimus
907 2525 1015 2591 videre
1032 2525 1279 2608 conclusionem,

150 2657 251 2719 quarn
268 2637 457 2720 practicam,
473 2643 510 2702 ut
526 2637 694 2703 ostendere
711 2637 869 2720 possimus
884 2634 982 2699 sactis
999 2639 1032 2698 et
1048 2633 1200 2718 operibus
1211 2655 1279 2698 cor-

149 2743 198 2807 dis
215 2744 319 2808 nostri
335 2744 565 2810 sinceritatem.
589 2741 889 2809 Commemoramus
905 2763 1033 2826 quoque
1050 2748 1082 2806 et
1098 2742 1280 2820 laudamus,

148 2873 213 2915 non
239 2852 446 2918 obstantibus
471 2851 531 2934 his,
557 2874 618 2935 que
643 2851 727 2918 idem
746 2849 802 2932 Sp.
820 2851 945 2918 Orator
961 2850 1046 2914 dixit
1061 2849 1165 2931 nobis,
1189 2848 1279 2932 quod

148 2957 300 3024 Summus
317 2958 473 3025 Pontifex
497 2961 530 3025 in
556 2961 641 3026 hanc
656 2959 908 3046 intelligentiam
924 2959 1121 3022 intervenire
1139 2956 1279 3021 deberet.

147 3065 236 3132 Nam
263 3087 336 3130 cum
362 3067 404 3131 sit
420 3073 520 3150 caput
536 3074 570 3132 et
584 3068 737 3150 princeps
759 3067 1028 3131 christianorum:
1056 3062 1199 3129 dubitari
1213 3084 1279 3128 non
1380 3150 1383 3158 Δ

147 3173 253 3254 debet,
279 3174 366 3258 quod
390 3176 460 3258 ejus
486 3177 666 3240 auctoritas
682 3175 820 3240 multum
836 3173 981 3239 conferet
995 3174 1071 3240 huic
1086 3173 1143 3252 rei,
1169 3179 1201 3236 et
1216 3176 1279 3236 erit

147 3283 257 3365 magni
284 3284 439 3348 momenti
464 3282 524 3364 his,
559 3304 622 3365 que
648 3283 777 3364 agenda
803 3288 907 3364 erunt,
933 3281 1164 3365 reddimurque
1189 3281 1280 3359 certi,

147 3390 236 3474 quod
268 3389 434 3456 Sanctitas
466 3389 535 3456 Sua
575 3411 702 3474 semper
733 3391 925 3474 postpositis
956 3389 1091 3472 reliquis
1122 3387 1280 3468 omnibus,

147 3505 300 3582 prompta
316 3499 379 3564 erit
395 3499 438 3563 ad
454 3497 637 3565 faciendum
653 3499 809 3566 honorem
818 3497 891 3580 Dei,
908 3503 941 3562 et
952 3497 1090 3562 salutem
1100 3496 1278 3562 christiane

147 3607 326 3690 religionis.
825 3595 831 3604 ’

255 3713 346 3779 Bene
372 3720 481 3781 autem
497 3714 666 3780 hortamur
682 3720 715 3780 et
731 3736 883 3797 rogamus
899 3717 1006 3796 ipsum
1023 3713 1078 3797 Sp.
1096 3711 1280 3792 Oratorem,

147 3828 185 3886 ut
209 3822 275 3886 ista
301 3828 413 3906 preter
435 3819 509 3887 illos
526 3823 567 3888 ad
583 3843 663 3906 quos
680 3823 851 3906 pertinent,
878 3844 949 3886 curn
966 3822 1041 3904 alijs
1057 3841 1122 3884 non
1139 3819 1279 3883 comuni-

146 3935 269 4008 centur,
293 3929 351 3994 sed
367 3936 493 3995 secreta
507 3935 688 3998 teneantur.

254 4035 298 4120 †
347 4042 410 4102 128
438 4073 501 4092 .-
548 4042 568 4100 0
614 4073 658 4085 -
707 4041 722 4100 1

259 4198 294 4260 (V
296 4199 418 4250 elenensi
432 4199 517 4249 allam
530 4199 588 4248 ltar
603 4204 661 4251 101.
675 4201 705 4260 1.)

637 4413 795 4427 ...μ-...-
