3314 5300
690 453 925 498 ninnouacmar
943 438 1110 497 sundran.

859 761 934 822 205.

339 923 435 985 1465.
467 921 495 984 Α
525 921 674 984 1111111111
699 921 921 984 dllamtuades
947 920 1080 983 vellusza
1106 942 1125 980 c
1150 918 1284 1003 pdpdto'l
1301 918 1466 980 riserate'rt

338 1052 477 1116 mappas
503 1029 632 1112 tirulpi
657 1029 846 1094 kdvetelraelc
863 1030 1111 1111 alrdztc'rsaau'p
1127 1027 1211 1091 1111111
1228 1025 1369 1111 uju'ulott
1386 1025 1468 1088 hodi

757 1137 863 1222 oepe'ly
879 1136 933 1200 atla
949 1139 1047 1200 irunt.

338 1331 600 1399 mccocaxv.
617 1331 886 1417 1111111111.

339 1442 513 1526 Sapientes
530 1437 677 1526 00ss⁸llll2
824 1456 920 1542 Quod
946 1457 1145 1524 Oratoribus
1171 1456 1375 1523 Serenissimi
1402 1456 1469 1519 Do·

417 1571 432 1606 ’
503 1549 563 1613 tf.
580 1555 714 1632 excepto
769 1568 848 1630 mini
873 1565 976 1649 Regis
1000 1566 1182 1649 Hungarie,
1213 1565 1269 1646 qui
1301 1586 1340 1628 ex
1366 1561 1469 1628 Curia

339 1656 400 1722 Ser
415 1656 528 1723 Vilale
544 1656 660 1721 LandO
770 1675 941 1740 redeuntes
950 1675 1103 1740 Dominio
1115 1679 1334 1758 exposuerunt
1345 1695 1394 1753 ea,
1406 1695 1467 1756 que

338 1761 482 1861 Doctum
499 1768 531 1826 el
547 1764 659 1864 milite.
769 1789 837 1847 tarn
854 1782 943 1866 apud
959 1783 1127 1849 Summum
1145 1780 1348 1863 Pontificem,
1371 1803 1469 1864 quam

339 1890 438 1955 etiam
464 1891 633 1955 Florentio
658 1896 804 1973 egerunt,
839 1897 870 1955 et
895 1891 1027 1956 tandem
1053 1891 1236 1974 intelligere
1261 1890 1469 1973 queritarunt

341 2003 480 2064 mentem
506 2003 539 2062 11
564 1999 779 2063 intentionem
805 2005 950 2064 nostram
977 2000 1065 2064 circa
1090 1999 1236 2064 subsidia
1264 1999 1367 2064 eidem
1383 1997 1469 2080 Regi

339 2106 527 2190 prestanda,
544 2112 577 2170 11
594 2109 681 2172 circa
696 2128 869 2190 personam
884 2111 977 2192 pueri
993 2108 1080 2173 illius
1096 2109 1244 2191 germani
1261 2107 1368 2183 Turei,
1386 2107 1470 2171 sicut

339 2237 398 2298 per
423 2214 673 2281 serenissimum
701 2214 742 2280 D.
758 2215 884 2280 Ducem
901 2216 978 2281 huic
994 2213 1139 2281 Consilio
1155 2217 1295 2282 relatum
1312 2220 1381 2296 est;
1404 2238 1469 2282 res·

339 2322 544 2406 pendeatur:

447 2432 552 2498 Nobis
577 2433 797 2516 maximopere
822 2433 992 2516 placuisse,
1018 2432 1106 2515 quod
1131 2433 1173 2498 ab
1198 2432 1295 2498 Rom.
1312 2431 1469 2497 Pontifice

339 2539 480 2622 benigne
497 2540 737 2624 clementerque
755 2543 907 2624 suscepti,
922 2542 1067 2622 tractati,
1084 2547 1118 2606 et
1134 2539 1279 2624 expediti
1289 2540 1420 2620 fuerint,
1438 2545 1469 2605 et
1558 2557 1568 2572 '
1638 2554 1642 2568 ·

341 2647 491 2711 similiter
515 2649 726 2730 pecuniarum
752 2648 932 2714 subsidium
958 2649 1003 2713 eis
1024 2649 1093 2733 jam
1120 2649 1275 2714 collatum
1291 2670 1351 2731 per
1367 2646 1469 2714 Suam

340 2755 594 2837 Beatitudinem,
610 2756 666 2820 sed
683 2755 786 2821 multo
802 2757 906 2840 magis
916 2755 1100 2822 oblationes
1110 2755 1253 2839 ejusdem
1264 2754 1470 2835 SanctitatiS,

341 2884 439 2945 quam
465 2868 501 2926 nt
517 2863 790 2946 sapientissimam
808 2870 840 2929 et
857 2865 1150 2944 clementissimam,
1176 2884 1214 2929 ea
1231 2885 1294 2947 que
1309 2865 1469 2946 promisit,

340 2977 373 3035 et
389 2971 486 3054 longe
502 2971 627 3054 majora
643 2993 702 3055 pro
719 2971 829 3036 favore
839 2973 888 3036 rei
898 2972 1076 3036 christiane
1087 2970 1248 3036 facturam
1258 2971 1471 3054 imposterum

340 3101 405 3143 non
430 3078 625 3145 dubitamus.
657 3078 708 3144 De
724 3080 927 3146 Florentinis
943 3080 1114 3146 laudamus
1131 3079 1307 3163 plurimum
1325 3079 1413 3161 quod
1429 3079 1469 3142 R.

341 3187 531 3250 Paternitas
557 3193 590 3251 et
614 3186 865 3270 Magnificencia
891 3187 956 3254 Sue
980 3190 1013 3253 in
1040 3187 1181 3254 Ciuitate
1206 3188 1264 3252 illa
1290 3186 1471 3251 dimiserint

341 3295 490 3360 nuntium
507 3317 609 3376 suum,
626 3318 684 3378 pro
695 3296 908 3379 intelligendo
919 3296 982 3361 fine
993 3297 1049 3379 rei,
1065 3317 1170 3379 neque
1180 3295 1289 3360 induci
1299 3297 1470 3378 possimne,

341 3409 378 3467 ut
394 3403 563 3468 credamus
573 3402 787 3485 Magnificam
796 3403 890 3467 illam
901 3401 1152 3484 (inmunitatem,
1169 3423 1216 3482 ea,
1227 3423 1327 3486 quam
1337 3402 1470 3468 Summo

342 3509 496 3575 Pontifici
512 3512 593 3578 satis
610 3517 760 3595 prompte
775 3513 934 3594 promisit,
951 3533 1015 3575 non
1032 3511 1287 3576 observaturam.

450 3617 618 3702 Quantum
635 3639 710 3683 vero
728 3618 770 3684 ad
782 3639 840 3682 nos
852 3619 979 3700 attinet,
996 3619 1099 3682 latere
1110 3617 1376 3700 Magnificencias
1388 3616 1471 3684 Suas

343 3748 406 3790 non
432 3725 530 3792 debet
545 3726 588 3806 id,
613 3728 700 3810 quod
716 3728 864 3791 universo
881 3725 953 3792 orbi
968 3747 1034 3791 non
1051 3725 1156 3791 solum
1171 3725 1389 3807 manifestum,
1415 3726 1472 3790 sed

341 3837 481 3900 maxime
507 3835 699 3900 admirabile
717 3841 776 3917 est,
802 3855 861 3900 nos
879 3835 1014 3916 scilicet,
1040 3837 1189 3900 maximis
1206 3840 1240 3899 et
1255 3855 1338 3918 pene
1354 3836 1472 3918 impor-

340 3941 497 4007 tabilibus
522 3943 676 4026 impensio
702 3943 841 4025 gravari,
873 3947 905 4007 et
932 3963 995 4008 non
1023 3942 1127 4008 solum
1152 3943 1416 4008 numerosissime
1442 3948 1474 4008 et

342 4050 556 4116 munitissime
573 4049 696 4129 elassis,
712 4049 805 4133 eujus
821 4050 964 4132 gravedo
981 4056 1014 4116 et
1028 4052 1177 4134 impensa
1193 4056 1289 4116 tanta
1304 4057 1363 4132 est,
1377 4056 1415 4116 ut
1432 4050 1474 4116 ad

341 4158 434 4224 illam
460 4159 565 4224 solum
581 4179 779 4224 mereremur
795 4159 836 4225 ab
853 4159 927 4244 alijs
941 4159 1058 4244 juvari,
1083 4159 1255 4225 sedetiam
1273 4160 1473 4225 exercituum

342 4269 548 4332 terrestrium
565 4270 646 4332 etin
663 4267 817 4348 Amores,
844 4273 876 4332 11
891 4268 925 4332 in
943 4265 1099 4351 Albania,
1115 4267 1305 4333 victualium
1322 4273 1355 4333 et
1370 4267 1472 4332 muni-

342 4377 477 4454 tionum,
497 4397 561 4459 que
577 4383 665 4442 certe
682 4399 746 4442 non
762 4377 867 4442 solum
883 4399 948 4441 non
965 4376 1061 4456 credi,
1088 4376 1146 4442 sed
1162 4377 1215 4440 vix
1231 4375 1388 4458 explicari
1404 4397 1472 4458 pos-

344 4489 423 4547 sent.
444 4485 490 4548 Et
506 4485 653 4566 quamvis
670 4485 808 4550 maxime
825 4485 866 4550 ab
883 4485 934 4550 his
951 4486 1105 4568 impensis
1121 4503 1339 4569 gravaremur,
1355 4489 1388 4548 et
1403 4505 1474 4566 pre·

344 4614 521 4674 meremus,
547 4593 668 4661 coactis
693 4601 803 4660 tamen
830 4592 980 4662 omnibus
1007 4592 1131 4662 viribus
1156 4592 1287 4676 nostris,
1312 4591 1360 4656 illi
1382 4589 1474 4658 Sere·

1645 2905 1654 3486 l

1633 4671 1651 4956 l

1649 4957 1651 5034 1
