3268 5308
749 422 984 468 oreuounozmr
1003 407 1170 464 nunduuu.

938 710 988 768 76.

401 875 497 935 1461.
529 871 559 936 Α
576 868 725 932 velenczei
750 868 965 932 dllumtondes
981 869 1178 929 hatdrozuta
1194 887 1215 926 a
1232 865 1321 926 troni
1337 865 1368 926 ds
1384 863 1533 946 spolotdi

403 977 599 1064 elb'ljo'rdso'p
616 976 720 1041 levero·
728 975 861 1060 folpto'n
871 973 977 1040 Clima
994 971 1178 1037 sordedant
1189 961 1311 1058 pe'nzeie
1327 971 1534 1055 mepezerae'ee

656 1089 659 1094 '
867 1082 1061 1166 ta'rpyo'dou.

401 1278 659 1348 MOOOOLXI.
677 1278 729 1344 die
747 1278 852 1343 XIX.
870 1277 1055 1360 Februarij.

402 1393 432 1453 4·
449 1387 620 1472 sapientes
639 1385 799 1452 ordinum
944 1405 998 1470 Ex
1013 1403 1133 1468 litteris
1149 1403 1328 1467 Reetorum
1344 1408 1534 1468 nostrorum

405 1501 432 1560 l·
528 1519 543 1552 »
635 1499 657 1557 t·
673 1492 694 1559 f·
723 1585 829 1591 *-
886 1507 1537 1595 TragurijetSpalatioonstatIllustrem

404 1622 529 1688 Ducem
548 1619 716 1685 Stelanum
735 1617 848 1684 Sancti
865 1618 949 1685 Save
976 1619 1132 1684 accersito
1149 1617 1272 1682 auxilio
1287 1615 1537 1684 Bossinensium

404 1737 436 1794 et
447 1729 647 1793 Turonorum
664 1728 862 1810 provinciam
874 1727 1007 1793 Oroatie
1024 1747 1094 1791 esse
1111 1727 1308 1806 invasurum,
1325 1731 1358 1790 et
1373 1727 1537 1809 imprimis

403 1857 495 1901 omne
512 1834 654 1900 studium
670 1835 853 1917 positurum
870 1833 913 1900 ad
929 1833 1140 1899 obtinendum
1156 1832 1312 1916 oppidum
1328 1830 1442 1913 Olisse,
1470 1855 1536 1916 quo

403 1943 475 2008 loeo
501 1947 667 2024 occupato,
693 1963 756 2024 quo
782 1943 814 2006 in
832 1943 978 2024 periculo
995 1941 1051 2006 ille
1067 1946 1178 2006 nostre
1195 1937 1358 2006 Civitates
1375 1942 1443 2006 sint
1460 1955 1536 2004 oon-

405 2051 527 2129 stitute,
552 2055 584 2112 et
610 2049 882 2131 quemadmodum
907 2054 1042 2132 pateant
1066 2048 1109 2112 ad
1135 2069 1262 2112 omnem
1278 2047 1462 2112 Turoorum
1478 2048 1536 2111 im-

404 2165 524 2241 petum,
540 2156 635 2221 faeile
652 2156 693 2221 ab
710 2157 858 2223 omnibus
874 2157 1020 2240 intellegi
1035 2161 1160 2239 potest:
1178 2156 1386 2238 quamobrem
1402 2175 1537 2238 magno·

404 2287 482 2347 pere
499 2263 677 2330 cavendum
693 2270 749 2344 est,
767 2269 799 2328 et
815 2265 903 2329 omni
919 2283 1019 2348 opera
1037 2269 1070 2328 et
1085 2284 1165 2328 eura
1177 2263 1380 2343 studendum,
1397 2267 1436 2326 ut
1445 2263 1536 2327 loeus

403 2373 460 2436 ille
487 2369 593 2437 Olisse
624 2373 658 2436 in
682 2393 797 2437 manus
824 2378 857 2437 et
882 2377 1080 2454 potestatem
1105 2372 1210 2438 nostri
1236 2369 1381 2453 Dominij
1419 2371 1537 2436 veniat.

404 2479 485 2543 Ideo
501 2480 591 2544 vadit
608 2501 704 2563 pars:

512 2585 607 2669 Quod
633 2587 806 2652 mandetur
821 2587 956 2654 Rectori
981 2594 1093 2653 nostro
1111 2585 1246 2668 Spoleti,
1263 2591 1299 2651 ut
1315 2587 1402 2650 omni
1420 2608 1538 2670 oppor-

404 2693 545 2756 tunitate
562 2699 596 2756 et
611 2695 787 2776 prudentia
803 2696 972 2778 perquirat
989 2701 1022 2760 et
1037 2696 1093 2760 det
1109 2715 1242 2778 operam
1258 2695 1324 2758 sive
1335 2717 1407 2759 eum
1417 2683 1536 2760 Banno

406 2801 521 2883 Paulo,
546 2803 613 2866 sive
637 2823 710 2866 eum
735 2802 800 2867 alio
828 2824 1029 2886 quoeunque,
1055 2804 1110 2886 qui
1135 2803 1257 2868 dietum
1273 2801 1380 2866 looum
1407 2802 1488 2866 dare
1504 2809 1538 2866 et

405 2907 618 2975 effectualiter
643 2911 812 2992 assignare
828 2915 945 2992 posset,
971 2917 1008 2976 ut
1024 2917 1081 2974 aut
1096 2908 1279 2974 venditione
1305 2914 1362 2974 aut
1387 2909 1536 2994 pignoris

409 3018 539 3082 nomine
564 3017 685 3083 habeat
701 3019 805 3100 ipsum
823 3017 978 3100 oppidum
997 3017 1103 3082 Clisse
1119 3017 1247 3081 nomine
1263 3017 1367 3080 nostri
1383 3017 1537 3100 Dominij,

409 3143 470 3202 pro
496 3144 559 3202 quo
584 3123 775 3204 promittere
800 3124 904 3207 possit
928 3124 1090 3205 usquead
1107 3145 1264 3188 summam
1279 3120 1484 3189 Dueatorum
1501 3124 1539 3189 X

407 3229 499 3292 milla
516 3235 548 3292 et
564 3229 696 3293 abinde
713 3230 796 3294 infra
813 3231 993 3296 dandorum
1011 3237 1044 3295 et
1061 3231 1343 3314 numerandorum‚
1365 3232 1538 3314 designato

387 3393 388 3402 ,
406 3335 499 3401 nobis
516 3334 679 3416 sepedicto
695 3335 814 3419 oppido
833 3337 948 3420 illisue,
965 3339 1148 3421 incipiendo
1165 3340 1394 3422 promitteres
1410 3340 1539 3403 minore

406 3463 541 3523 summa,
567 3435 837 3523 quemadmodum
863 3435 1007 3528 potuerit
1020 3445 1135 3511 melius
1151 3451 1185 3510 et
1201 3445 1344 3511 habilius
1360 3469 1434 3510 oum
1450 3446 1538 3512 utili-

406 3556 474 3613 tate
500 3550 604 3613 nostri
630 3549 774 3634 Dominij
801 3552 916 3632 faeere,
952 3573 1114 3636 superque
1139 3575 1174 3618 re
1199 3553 1372 3637 prudentie
1398 3561 1431 3619 et
1462 3555 1539 3619 fidei

410 3657 490 3721 dicti
506 3658 608 3721 nostri
624 3658 776 3726 Rectoris
793 3659 918 3742 Spoleti
935 3665 984 3724 est
1001 3659 1234 3742 confidendum,
1261 3669 1294 3726 et
1311 3663 1539 3728 committatur

411 3763 450 3843 ei,
476 3765 563 3844 quod
589 3767 735 3832 omnibus
762 3769 904 3832 dexteris
931 3773 962 3833 et
988 3766 1122 3832 utilibus
1140 3769 1253 3846 modia,
1270 3769 1387 3852 quibus
1404 3771 1538 3853 poterit,

408 3875 521 3936 utatur
547 3873 682 3938 oonsilio
709 3880 742 3937 et
761 3873 926 3940 favoribus
944 3881 977 3940 et
992 3875 1233 3939 contributione.
1250 3875 1394 3940 fidelium
1410 3883 1538 3942 nostro-

407 3999 480 4042 rum
515 3979 631 4044 oivium
659 3978 794 4062 Spoleti,
825 3981 1096 4062 quemadmodum
1122 3982 1203 4047 alias
1228 3983 1298 4066 ipse
1325 3983 1392 4048 suis
1416 3984 1539 4049 litteris

405 4083 560 4151 Dominio
577 4093 690 4152 nostro
708 4086 911 4171 significavit,
929 4090 972 4154 ad
988 4089 1105 4154 bonam
1118 4094 1150 4154 et
1161 4091 1302 4156 votivam
1313 4093 1539 4158 executionem

317 4259 322 4265 ,
405 4193 502 4276 hujus
517 4194 696 4258 voluntatis
713 4201 833 4276 nostre,
850 4195 936 4261 eirea
952 4197 1174 4263 obtentionem
1191 4198 1303 4281 oppidi
1320 4201 1540 4284 suprascripti

407 4295 522 4364 Olisse.

516 4402 560 4488 -Ι-
608 4411 670 4472 108
717 4444 760 4452 -
809 4413 851 4474 24
900 4446 940 4456 -
988 4415 1038 4476 16.

517 4548 673 4610 (Velenezei
688 4547 868 4616 ellamkenyv
883 4557 923 4601 78.
938 4553 967 4613 l.)

892 4675 953 4685 νε·-
964 4675 1050 4684 ι--σ--υ
