3256 5304
645 304 738 386 rius.
1196 300 1257 382 ru
1330 273 1350 300 ”

127 478 250 561 'minum'
293 521 386 564 suurn
427 500 645 582 personaliter
677 500 897 581 proiecturum
928 501 969 562 ad
1003 499 1086 565 lianc
1117 503 1259 563 secutam

127 605 368 688 expeditionem
387 629 458 670 curn
475 607 600 689 potenti
621 628 756 671 numero
783 614 995 687 armatorum,
1020 613 1157 689 postque
1184 629 1261 670 non-

126 713 235 780 nullas
252 716 393 796 praticae
410 736 481 779 cunr
499 715 545 778 eis
562 721 594 778 et
620 735 691 778 eum
707 714 782 780 aliis
809 713 1007 779 Oratoribus
1032 719 1262 798 potentatuum

126 820 237 899 Italic,
254 821 295 887 ob
312 822 347 884 id
373 821 556 904 specialiter
574 845 630 904 per
657 821 824 886 Summum
851 822 1042 888 Pontificem
1067 822 1261 900 convocatis,

128 929 263 994 tandem
296 929 403 994 divino
421 931 589 1014 aspirante
607 932 737 994 numine
754 953 791 994 eo
817 929 988 996 deventum
1016 938 1075 1014 est,
1102 937 1136 994 ut
1162 932 1260 995 etiam

129 1036 285 1102 Pontifex
302 1037 466 1102 Maximus
483 1038 524 1102 ad
541 1038 626 1103 hauc
642 1039 878 1120 expeditionem
889 1038 1133 1121 presentialiter
1144 1059 1177 1101 se
1188 1058 1262 1100 cou-

128 1144 216 1210 ferre
234 1147 395 1228 statuerit,
411 1146 556 1210 collectis
574 1147 696 1212 uiribus
714 1148 827 1211 suiset
846 1148 980 1212 ecclesie
996 1151 1116 1225 sancte,
1133 1167 1171 1210 ac
1189 1145 1263 1208 aliis

130 1252 253 1318 viribus
272 1253 428 1332 omnibus
446 1275 507 1334 que
523 1257 693 1337 presertim
720 1256 753 1318 in
771 1256 871 1320 ltalia
888 1255 1003 1320 haberi
1020 1260 1180 1338 poterunt,
1199 1251 1263 1316 dis-

131 1361 258 1444 positus
275 1362 407 1426 omnino
426 1361 468 1426 ad
484 1367 611 1446 tempus
629 1385 747 1427 novum
764 1384 835 1427 cum
855 1362 977 1429 viribus
993 1362 1148 1444 predictis
1174 1366 1262 1425 tran-

1 1532 2 1537 ,
128 1469 224 1532 situm
242 1469 348 1533 facere
365 1469 518 1534 adversus
535 1470 660 1534 hostem
687 1470 857 1552 prefatum.
875 1467 953 1532 Dux
970 1491 1045 1535 vero
1072 1465 1262 1550 Burgundie

130 1575 227 1640 offert
244 1597 278 1640 se
294 1582 437 1659 tempore
454 1599 536 1641 noro
553 1599 625 1642 cum
643 1577 786 1642 exercitu
813 1600 871 1642 suo
897 1579 1023 1661 potenti
1048 1578 1263 1641 transiturum

133 1682 175 1747 ad
191 1683 381 1766 impresiam
397 1690 511 1748 contra
529 1684 679 1749 Turcum.

239 1791 319 1873 Nos,
346 1798 382 1855 ut
397 1791 469 1858 aliis
486 1793 610 1856 nostris
627 1793 746 1858 litteris
763 1793 947 1874 intelligere
963 1793 1127 1874 potuistis,
1154 1811 1262 1856 sumus

130 1900 163 1963 in
180 1907 295 1982 aperto
314 1906 343 1962 ct
362 1900 491 1964 ardenti
507 1899 593 1963 bello
610 1922 682 1963 cnm
709 1901 824 1980 Tarso,
852 1907 883 1963 et
910 1920 982 1964 cum
1007 1899 1131 1981 potenti
1157 1898 1260 1963 classe

128 2013 254 2086 nostra,
281 2029 417 2090 cunique
444 2006 595 2089 gentibus
621 2009 742 2072 nostris
770 2009 939 2090 armigeris
966 2012 1000 2071 et
1025 2007 1190 2090 peditibus
1225 2023 1263 2070 ex

130 2114 237 2179 Italia
271 2117 387 2197 missis,
414 2115 554 2196 aliisque
590 2116 711 2180 viribus
739 2111 859 2181 nostris
885 2116 1027 2180 collectis
1054 2116 1087 2177 in
1113 2113 1263 2197 partibus

118 2214 360 2289 'Orientalibus
377 2225 410 2288 in
427 2222 572 2288 Amarea
588 2223 710 2289 bellum
727 2225 867 2305 gerimus
884 2230 997 2288 eontra
1013 2223 1159 2301 lrostem;
1177 2228 1264 2285 etex

128 2331 192 2410 his,
210 2351 274 2411 que
291 2332 464 2396 novissime
483 2331 666 2410 babuimus,
692 2337 806 2412 gentes
822 2338 933 2395 nostre
960 2330 1001 2394 ad
1027 2331 1101 2394 loca
1116 2327 1263 2396 Eximilii

128 2437 289 2521 profecte,
316 2461 354 2503 ea
378 2440 481 2504 muris
507 2441 638 2524 cingere
664 2446 696 2504 et
722 2438 899 2505 fortificare
930 2437 1114 2519 studebant,
1138 2441 1174 2500 ut
1200 2435 1263 2500 hoc

124 2545 215 2611 facto
240 2548 441 2629 provinciam
458 2547 548 2612 illam
565 2547 693 2612 facilius
710 2549 858 2612 obtinere
879 2553 1019 2630 possent,
1037 2546 1071 2610 in
1097 2567 1162 2628 qua
1188 2566 1259 2608 eum

125 2653 269 2718 Turohis
295 2656 398 2719 nostri
424 2654 645 2736 conflixerant,
673 2663 913 2740 coegeruntque
939 2675 994 2719 eos
1019 2655 1139 2738 partim
1165 2655 1253 2718 exire

125 2768 224 2826 extra
240 2761 395 2826 Eximille
413 2784 483 2826 eum
498 2765 629 2846 jactura
647 2769 679 2828 et
698 2764 816 2829 damno
834 2784 901 2841 suu,
917 2763 1040 2844 partim
1066 2760 1193 2844 ingredi
1218 2761 1263 2851 ci-

126 2871 265 2934 ritatem
283 2869 418 2952 Corinti
436 2871 602 2936 studemus
619 2893 737 2955 augere
756 2878 790 2937 et
816 2869 1021 2936 accumulare
1039 2871 1123 2934 vires
1140 2869 1172 2932 in
1190 2890 1262 2952 par-

125 2977 217 3043 tibus
234 2976 386 3042 illistam
402 2981 548 3061 gentium
566 2981 800 3064 armigeratum
819 2985 851 3044 et
868 2975 1021 3063 peditum,
1037 2996 1135 3060 quam
1162 2977 1262 3042 ctiam

125 3084 308 3150 triremium
328 3085 374 3167 X,
396 3108 477 3168 quas
505 3087 544 3153 de
571 3090 712 3171 present-i
740 3107 913 3167 armamus,
938 3092 974 3151 ut
1005 3084 1128 3150 vadant
1158 3083 1200 3148 ad
1231 3104 1265 3148 se

125 3192 306 3264 uniendum
324 3216 395 3260 cum
417 3195 483 3260 alia
501 3197 606 3260 classe
631 3201 831 3279 nostraque
858 3204 905 3260 est
933 3195 1099 3278 galearum
1128 3191 1265 3274 quadre-

125 3299 230 3382 ginta,
248 3307 282 3366 et
299 3299 381 3366 nihil
399 3323 543 3384 unquam
559 3303 799 3386 pretermissuri
817 3324 936 3384 sumus,
952 3309 986 3366 ut
1003 3323 1062 3384 pro
1080 3300 1187 3384 glorie
1203 3299 1266 3364 Re·

126 3405 312 3489 demptoris
330 3411 444 3491 nostri,
466 3431 589 3492 proque
607 3410 712 3474 salute
729 3410 900 3475 christiani
918 3409 1055 3474 nominis
1073 3408 1176 3472 hostis
1202 3407 1263 3472 iste

125 3512 241 3578 ualeat
256 3515 455 3599 propulsari,
472 3523 505 3581 et
521 3536 620 3600 quum
638 3517 777 3582 scribitis
794 3515 1043 3583 Serenissimum
1059 3515 1185 3598 Regem
1202 3521 1266 3580 sta·

125 3621 232 3684 tuisse
246 3621 379 3686 mittere
396 3624 429 3687 in
439 3621 612 3689 Bossinam
623 3625 746 3708 equites
764 3632 905 3706 quatuor
915 3624 1028 3705 millia,
1045 3621 1219 3688 laudamus
1233 3629 1266 3686 et

125 3729 395 3796 commendamus
406 3731 583 3815 plurimum
593 3733 777 3798 missionem
788 3731 975 3816 hujusmodi
986 3732 1267 3816 exereitustanto·

125 3853 189 3920 que
205 3840 314 3922 magis
331 3839 547 3923 compelletur
564 3840 752 3924 disperdere
769 3842 852 3904 vires
869 3833 953 3906 suas,
973 3841 1019 3904 Et
1035 3839 1163 3904 demum
1180 3837 1267 3902 volu·

124 3969 208 4029 mus,
228 3945 318 4031 quod
335 3968 394 4030 per
412 3967 522 4012 omues
538 3948 612 4012 illos
630 3949 779 4014 meliores
797 3953 830 4012 et
847 3947 1047 4012 decentiores
1063 3947 1184 4026 modos,
1211 3944 1268 4026 qui

124 4062 237 4122 vestre
254 4054 430 4138 prudentie
447 4055 651 4136 ridebuntur,
678 4054 846 4119 solicitetis
863 4055 1075 4140 Majestatem
1092 4052 1199 4136 Suam,
1215 4051 1267 4116 de-

123 4167 238 4248 tisque
255 4183 399 4246 operam,
419 4162 507 4244 quod
523 4164 729 4245 magnanime
748 4169 780 4227 et
799 4169 952 4245 potenter
969 4162 1009 4226 de
1026 4161 1171 4245 presenti
1189 4166 1268 4240 agat

124 4277 243 4336 contra
260 4268 513 4353 perfidissimum
530 4269 665 4334 hostem.
691 4269 761 4335 Nos
781 4293 910 4355 quoque
927 4272 966 4335 de
990 4269 1193 4334 successibus
1219 4289 1267 4332 re-

123 4399 198 4445 rum
217 4383 252 4442 et
269 4377 310 4442 de
326 4379 388 4458 nis,
405 4400 467 4460 que
486 4377 638 4442 continue
656 4377 741 4459 fient,
758 4401 813 4442 res
830 4379 951 4442 litteris
963 4378 1084 4442 nostris
1096 4376 1265 4439 certiorem

172 4517 235 4550 irus.
253 4513 338 4561 npua.
357 4512 423 4548 ursr.
442 4523 482 4530 —
502 4514 569 4548 sora
586 4513 646 4547 arr.
662 4515 698 4548 1r.
1130 4504 1160 4550 16
