3256 5304
347 317 412 378 264
704 329 942 374 nmnousczmr
959 315 1129 374 0000000,

348 492 422 557 Rex
447 493 481 566 in
498 473 616 575 campo
632 511 752 574 ponere
769 494 885 573 potest,
910 497 943 554 00
957 489 998 553 (10
1013 489 1201 553 introitibus
1217 487 1325 572 Regni
1341 489 1432 552 illius
1449 495 1480 552 00

348 607 408 664 000.
433 599 504 684 Quo
520 605 634 685 gentes
651 605 735 681 sunt,
750 604 787 662 ut
803 598 956 678 scribitis,
972 599 1048 681 equi
1064 595 1141 662 XII
1156 621 1196 662 m.
1221 598 1433 662 Prolatorum
1450 603 1481 662 00

348 711 527 789 Beronum,
544 707 681 790 obligati
693 704 1375 790 0000100·Μο]000001000010000000000000,
1393 705 1482 770 01000

350 818 436 898 quod
462 822 590 899 tempus
617 821 778 898 opportet,
802 814 888 896 quod
905 814 1067 898 Majestas
1093 815 1164 898 ipsa
1179 815 1226 879 eis
1243 815 1356 892 solvat,
1382 815 1411 878 si
1428 837 1481 879 eos

349 923 472 988 diutius
497 929 593 998 extra
617 929 729 988 tenere
754 923 833 987 vult.
865 921 951 986 Item
976 923 1051 1005 eqni
1076 923 1165 986 circa
1190 922 1254 989 duo
1271 922 1375 986 millia
1393 921 1482 986 curie

349 1030 492 1113 ejusdem
509 1029 696 1113 Majestatis
721 1035 753 1094 00
777 1030 905 1113 pedites
931 1030 1018 1094 01000
1035 1035 1132 1112 5000,
1157 1052 1219 1112 que
1237 1051 1347 1094 omnes
1365 1036 1481 1113 gentes

349 1137 528 1206 ascendunt
552 1138 596 1202 ad
621 1159 780 1202 summam
806 1159 1019 1220 personarum
1035 1137 1127 1206 XIV
1142 1160 1183 1202 m.
1201 1138 1251 1202 vel
1268 1139 1364 1202 circa.
1397 1137 1482 1204 Scri-

347 1245 426 1310 bitis
442 1245 574 1328 insuper
583 1245 793 1328 Majestatem
809 1243 993 1328 predictam
1009 1266 1080 1308 oum
1098 1245 1241 1309 exercitu
1258 1247 1483 1328 suprascripto

244 1423 250 1435 ,
350 1354 437 1418 exire
462 1373 555 1440 posse
579 1354 613 1416 in
637 1359 746 1418 castra
771 1352 814 1418 ad
839 1353 1048 1418 medietatem
1065 1355 1183 1418 mensis
1199 1353 1292 1436 Maij,
1318 1353 1370 1417 vel
1387 1353 1482 1434 circa,

350 1461 517 1548 multaque
542 1461 609 1526 0110
633 1462 740 1526 dicitis
755 1465 789 1525 in
805 1461 926 1526 litteris
943 1462 1173 1545 suprascriptis
1190 1462 1346 1526 distincta
1363 1467 1396 1526 et
1410 1483 1484 1544 par-

350 1569 510 1634 ticularia.
544 1567 596 1632 De
613 1570 688 1652 alijs
704 1571 863 1652 gentibus,
890 1592 952 1653 que
969 1570 1131 1652 stipendio
1148 1591 1187 1634 ex
1203 1570 1341 1634 Boemia
1358 1576 1392 1634 et
1410 1568 1485 1634 Pol-

350 1676 440 1741 lonia
456 1676 591 1740 conduci
607 1684 742 1758 possent
758 1683 791 1740 et
807 1683 876 1759 000,
893 1698 955 1760 que
970 1676 1185 1741 libentissime
1201 1677 1433 1757 intelleximus,
1452 1685 1486 1742 et
1613 1665 1615 1706 ³

352 1784 557 1865 diligentiam
573 1782 728 1850 Vestram
753 1785 1025 1849 commendamus.
1061 1786 1194 1866 Verum,
1220 1785 1381 1869 quomodo
1402 1785 1487 1849 desi-

352 1892 513 1971 deramus,
530 1896 567 1954 ut
576 1891 662 1957 idem
673 1890 905 1958 Serenissimus
916 1892 1077 1958 Dominus
1087 1893 1161 1956 Rex
1171 1893 1367 1976 impresiam,
1385 1916 1486 1977 quam

352 2007 467 2066 contra
483 1999 626 2064 'Iurcum
642 2002 848 2083 magnanime
866 2022 1040 2084 aggressus
1057 2008 1115 2082 est,
1131 2003 1269 2066 viriliter
1286 2009 1318 2066 00
1335 2009 1487 2067 constan·
1613 1991 1615 2074 J

352 2119 404 2176 ter
427 2115 638 2176 manutenere
654 2112 766 2192 possit,
793 2116 863 2174 tum
878 2132 939 2192 pro
955 2112 1048 2194 regni
1065 2111 1165 2194 ipsius
1183 2111 1351 2176 commodo
1369 2119 1402 2176 00
1419 2111 1487 2195 glo·
1612 2111 1615 2194 i

1611 2199 1615 2224 l

352 2221 411 2299 ria,
435 2225 504 2282 tum
530 2239 590 2300 pro
606 2217 750 2282 utilitate
767 2223 800 2282 et
815 2215 925 2282 favore
942 2220 1092 2283 universe
1108 2220 1158 2284 rei
1176 2219 1353 2284 christiane
1371 2226 1486 2284 contra

357 2347 558 2392 communem
574 2327 749 2406 inimicum,
774 2331 901 2390 00000οο
918 2327 1066 2406 maxime,
1083 2332 1239 2409 quantum
1256 2325 1378 2409 pluries
1395 2327 1490 2392 nobis

353 2435 538 2517 scripsistis
555 2435 595 2498 de
612 2434 880 2517 requisitionibus
898 2433 962 2499 Sue
978 2433 1084 2516 Regie
1102 2425 1315 2500 Oelsitudiuis
1332 2441 1366 2499 et
1382 2437 1487 2500 (1010-

354 2543 508 2625 digentijs
525 2543 600 2622 suis,
618 2543 793 2606 statuimus
808 2565 873 2606 non
889 2542 1096 2607 obstantibus
1112 2543 1311 2625 gravissimis
1329 2550 1362 2607 00
1378 2543 1488 2607 multi·
1613 2597 1615 2624 ,

352 2649 491 2732 plicibus
515 2649 669 2730 impensis
685 2650 798 2714 classis
815 2656 848 2715 00
864 2649 1004 2714 aliarum
1021 2649 1185 2732 copiarum
1201 2655 1397 2732 nostrarum,
1414 2650 1488 2714 Ma·
1612 2625 1615 2704 1

349 2757 466 2840 jestati
481 2755 626 2838 predicte
641 2779 700 2839 pro
717 2757 802 2822 virili
817 2764 912 2840 parte
929 2756 1107 2824 subsidium
1122 2763 1279 2839 prestare.
1302 2755 1487 2840 Propterea

355 2886 427 2930 oum
453 2870 566 2929 nostro
585 2861 732 2931 Consilio
748 2866 963 2949 Rogatorum,
989 2865 1080 2930 vobis
1097 2864 1336 2944 committimus,
1361 2871 1398 2929 ut
1415 2888 1488 2929 oum
1613 2857 1615 2924 j

354 2972 533 3056 Majestate
555 2973 702 3054 predicta
718 2995 788 3038 esse
805 2973 951 3038 debeatis
968 2995 1040 3038 eum
1057 2975 1164 3039 verbis
1180 2973 1305 3039 idoneis
1322 2979 1356 3038 et
1372 2995 1490 3056 oppor·
1613 2989 1615 3054 j

354 3080 452 3161 00010,
478 3078 646 3144 (100100000
671 3082 906 3163 optimamente
932 3089 964 3145 et
980 3081 1161 3146 intentione
1178 3087 1293 3147 nostra
1310 3102 1389 3164 erga
1406 3103 1487 3162 eam,
1614 3099 1615 3168 j

356 3194 389 3258 et
413 3210 465 3252 000
490 3187 744 3254 0001001000ουῐο
769 3189 875 3254 eidem
893 3190 1065 3273 Majestati
1092 3191 1271 3270 declarate,
1297 3189 1386 3270 quod
1402 3211 1488 3273 casu,

355 3294 588 3379 qquajestas
605 3295 677 3378 ipsa
694 3297 781 3361 exire
798 3297 971 3378 promittat
986 3304 1019 3362 et
1035 3320 1107 3362 oum
1124 3296 1241 3362 effectu
1252 3301 1347 3362 exeat
1358 3298 1390 3360 in
1403 3318 1489 3361 cam·
1614 3359 1615 3376 2

354 3425 432 3486 pum
458 3401 499 3467 ad
524 3403 699 3476 terminum
725 3403 960 3487 supradictum,
986 3406 1050 3469 sive
1072 3427 1131 3488 per
1146 3411 1252 3470 totum
1267 3405 1388 3469 mensis
1405 3405 1487 3488 Maij
1614 3433 1615 3436 ¹

355 3532 427 3574 oum
443 3511 570 3592 potenti
586 3512 729 3575 exercitu
746 3517 859 3576 contra
877 3511 1027 3592 Tuscum,
1052 3534 1111 3578 uos
1128 3513 1271 3578 contenti
1288 3535 1398 3576 sumus
1415 3511 1488 3575 Ma·
1614 3505 1615 3510 ¹

352 3617 467 3700 jestati
484 3614 549 3681 Sue
575 3618 655 3683 dare
681 3617 818 3683 ducatos
834 3617 902 3682 LX
918 3641 959 3684 m.
976 3620 1038 3684 hoc
1054 3621 1159 3701 modo,
1185 3619 1337 3684 videlicet
1353 3619 1430 3683 XX
1445 3641 1485 3682 m.

354 3726 455 3810 prius,
480 3748 578 3810 quam
602 3725 636 3790 iu
662 3748 811 3808 campum
827 3733 929 3808 exeat,
955 3733 992 3792 ut
1010 3750 1043 3793 se
1059 3727 1173 3792 melius
1189 3728 1223 3791 in
1239 3728 1353 3792 ordine
1369 3747 1489 3811 ponere

354 3835 466 3918 possit.
501 3835 547 3899 Et
569 3840 685 3918 postea
702 3835 838 3900 (1000οο0
854 3834 947 3904 VIII
963 3859 1004 3900 m.
1019 3837 1106 3901 omni
1122 3857 1231 3900 mense
1248 3833 1433 3920 incipiendo
1449 3834 1489 3899 de
1613 3917 1615 3920 Ι

355 3964 464 4007 mense
479 3940 562 4026 Julij
589 3964 649 4025 000
673 3949 778 4008 totum
804 3965 947 4008 mensem
963 3942 1165 4009 Novembris
1190 3941 1288 4008 Circa
1305 3963 1404 4024 quam
1419 3963 1488 4006 rem

337 4043 341 4051 ’
355 4050 426 4118 Vos
442 4073 515 4115 cum
531 4049 702 4134 diligentia
718 4057 859 4117 mentem
876 4057 908 4117 et
920 4052 1134 4116 intentionem
1144 4051 1334 4135 Majestatis
1345 4049 1488 4133 predicte
1613 4125 1615 4128 ¹

356 4158 540 4242 intelligere
557 4164 742 4242 procurate.
775 4161 821 4224 Et
839 4166 1057 4240 contentante,
1073 4161 1350 4242 promittenteque
1366 4157 1488 4240 Majes·
1614 4179 1615 4182 ’

356 4270 425 4329 0000
449 4266 522 4350 1000
548 4267 644 4347 exire,
670 4272 706 4331 ut
732 4289 849 4350 supra:
874 4275 987 4333 curate
1013 4267 1113 4332 etiam
1138 4267 1319 4350 intelligere
1335 4265 1440 4330 locum
1454 4269 1488 4328 et
1614 4273 1615 4306 ³

357 4373 496 4455 modum,
513 4396 576 4456 quo
594 4380 627 4439 et
642 4395 701 4457 000
718 4397 813 4457 quem
829 4375 966 4459 pecunie
982 4377 1052 4458 ipse
1068 4375 1110 4439 ad
1122 4397 1194 4438 eam
1203 4373 1486 4452 mittendeessent,

358 4481 520 4561 quomodo
545 4503 603 4548 nos
620 4503 753 4564 operam
770 4481 927 4565 dabimus,
952 4489 989 4547 ut
1006 4504 1063 4566 per
1078 4487 1185 4546 totum
1200 4503 1344 4546 mensem
1360 4477 1485 4564 Aprilis

1614 4429 1615 4440 1

1613 4457 1615 4466 v

1612 4649 1615 4664 t

1613 4669 1615 4684 t
