3268 5308
379 366 439 426 1515
728 380 961 423 mrnonsozrar
980 365 1136 421 annnam<
1201 425 1205 428 ‚

481 538 640 606 Volumus
657 543 815 621 preterea,
833 536 919 618 quod
951 537 1076 618 prefato
1103 534 1316 600 Sereuissimo
1343 535 1438 617 Regi
1452 534 1494 598 di·

376 670 447 712 cere
472 647 600 722 debeas,
626 646 713 728 quod
746 645 831 726 apud
855 644 1040 709 Romanum
1066 641 1259 708 Pontificem
1285 643 1496 708 omnimodam

376 754 565 818 instantiam
585 753 730 830 facimus,
756 754 842 816 eirea
867 752 1003 817 celerem
1030 750 1263 835 expeditionem
1288 751 1497 816 Reverendis-

377 861 448 926 simi
491 860 530 924 D.
562 860 745 927 Cardinalis
794 860 905 924 Sanoti
948 859 1078 941 Angeli,
1119 879 1213 940 quern
1255 859 1298 922 ad
1340 859 1497 924 suasiones

377 974 505 1033 nostras
523 967 690 1033 Sanctitas
707 967 775 1034 Sua
791 968 920 1030 mittere
939 968 1055 1033 statuit
1068 967 1228 1048 negatum
1245 967 1277 1029 in
1295 967 1497 1050 Huugariam

380 1079 411 1138 et
429 1074 470 1140 ad
487 1075 593 1157 ipsum
609 1075 857 1141 Serenissimuur
878 1073 1012 1156 Regem.

486 1237 641 1296 (Veleuezei
656 1237 741 1292 sillam
755 1237 809 1290 lter
823 1241 863 1288 95.
878 1238 907 1298 l.)

914 1675 966 1736 97.

379 1836 477 1898 1462.
507 1834 532 1896 A
551 1833 697 1896 velenezoi
712 1833 923 1897 dibeantnndoa
940 1835 1043 1898 'serimus'
1067 1834 1181 1896 bduete't
1199 1855 1219 1894 u
1237 1833 1389 1898 terebant
1409 1833 1500 1898 Olcin-

378 1943 530 2027 oraza'pba
563 1942 731 2006 benennon
763 1942 878 2006 e'rtesiii
903 1943 933 2006 es
958 1943 1100 2026 tuzduja
1132 1966 1152 2004 u
1184 1943 1289 2004 rurrroi
1318 1943 1442 2005 sze‘bne'l
1466 1964 1501 2003 oz

378 2049 518 2134 ujotnlott
541 2050 647 2133 sepe'iy
672 2049 918 2124 In'rnzkdzle‘aere,
944 2074 959 2112 s
985 2072 1005 2110 a
1040 2071 1174 2134 rnuppnr
1205 2049 1297 2110 kbuet
1313 2049 1503 2114 ker-abanet

813 2159 1063 2239 trimoyutu'su'rn.

379 2351 649 2420 MOOOOLXII.
667 2352 719 2416 die
736 2349 914 2418 XXVIII.
929 2350 1033 2435 Junij.

487 2460 581 2542 Quod
598 2460 757 2526 scribatur
774 2459 1015 2541 Ciroumspeoto
1028 2460 1166 2525 Nieolao
1178 2460 1377 2543 Segundinu
1395 2461 1501 2528 Secre-

378 2569 462 2632 tario
478 2575 592 2634 nostro
609 2569 651 2632 ad
668 2567 835 2633 Summum
853 2566 1044 2631 Pontificem
1061 2570 1095 2632 in
1112 2569 1173 2634 hae
1188 2569 1311 2635 forma:

379 2673 550 2757 Sapientes
567 2672 704 2756 COflSflij
723 2681 755 2738 θῖ
857 2691 1010 2756 Nicolae!
1042 2693 1223 2775 Postquam
1240 2694 1302 2784 sub,¹
1319 2694 1369 2758 die
1382 2694 1503 2758 XXII.

471 2808 486 2841 ³>
579 2780 640 2846 bs
672 2876 676 2879 ¹
736 2875 754 2880 .-
811 2801 981 2882 presentie,
1007 2800 1258 2883 significavimus
1285 2802 1345 2882 tibi
1371 2823 1431 2884 per
1442 2803 1504 2885 3lit-

380 2915 469 2974 teras
486 2915 614 2973 nostras
633 2906 805 2971 adventum
822 2906 884 2969 huo
900 2905 1068 2988 Magnifiei
1087 2906 1238 2972 Oratoris
1255 2907 1360 2990 Regie
1386 2910 1505 2995 Majes-

379 3017 458 3080 tatis
489 3015 659 3098 Hungarie
686 3023 718 3079 et
745 3015 824 3098 quid
856 3015 1116 3094 responderimus
1153 3015 1213 3078 sibi
1246 3017 1332 3080 eirea
1363 3019 1506 3099 presidia

379 3124 472 3202 regni
488 3123 668 3202 Hungarie,
685 3143 744 3203 pro
762 3120 877 3202 quibus
895 3122 937 3185 ad
952 3120 1138 3186 Romanum
1155 3119 1345 3186 Pontificem
1364 3123 1506 3205 proficis·

381 3231 473 3307 uitur,
489 3234 743 3310 supervenerunt
768 3229 862 3292 nobis
878 3229 987 3292 littere
1012 3235 1066 3292 tue
1092 3229 1218 3293 dierum
1244 3227 1340 3296 XVI.
1367 3231 1507 3298 XVIII.

381 3343 413 3399 et
429 3334 576 3400 XVIIII
592 3333 743 3416 ejusdem,
771 3335 887 3417 quibus
903 3337 986 3400 inter
1003 3343 1112 3401 cetera
1130 3338 1347 3401 intelleximus
1373 3361 1506 3428 respon·

381 3464 450 3508 sum
467 3463 524 3525 per
541 3441 707 3507 Summum
724 3441 917 3508 Pontificem
932 3442 994 3507 tibi
1011 3443 1124 3508 datum
1150 3447 1277 3510 volendi
1304 3445 1508 3528 contribuere

382 3553 414 3613 in
436 3549 581 3614 fauorem
612 3571 723 3612 rerum
748 3551 917 3632 Hungarie
945 3573 1002 3633 pro
1028 3552 1178 3632 portione
1212 3574 1271 3616 sua
1295 3549 1443 3618 Ducentos
1472 3554 1509 3618 ΙΙ

381 3659 471 3723 mille
487 3658 614 3740 singulo
631 3679 758 3738 mense;
783 3659 933 3741 quodque
951 3660 1074 3726 Orator
1091 3659 1156 3725 Sue
1174 3659 1395 3724 Beatitudinis
1416 3663 1509 3726 simul

382 3789 454 3832 oum
471 3767 611 3833 Oratore
627 3765 730 3849 Regis
747 3766 891 3850 ejusdem
908 3769 1016 3830 itineri
1032 3770 1222 3832 commissus
1240 3777 1311 3834 erat
1331 3769 1374 3832 ad
1400 3777 1510 3852 poten-

382 3877 444 3940 tias
479 3874 585 3939 Italas
611 3895 809 3954 accessurus,
842 3882 1160 3958 superveneruntque
1186 3877 1279 3940 nobis
1305 3878 1415 3941 libtere
1442 3875 1511 3940 Oir·

382 3983 556 4065 eumspeoti
573 3980 739 4064 Thomasij
758 3980 858 4060 Petri,
875 3983 977 4045 nostri
995 3981 1166 4065 Secretarij
1185 3983 1217 4046 in
1246 3981 1420 4066 Hungaria
1448 3983 1510 4047 die-

381 4113 453 4154 rum
471 4089 592 4154 XIIII.
609 4097 639 4153 et
657 4088 735 4154 XV.
754 4091 871 4152 mensis
888 4089 992 4172 hujrm,
1009 4092 1195 4155 nuntiantes
1221 4091 1314 4155 nobis
1332 4089 1511 4155 Turoorurn

381 4197 505 4280 Regem
522 4198 748 4278 potentissimo
765 4200 906 4261 exercitu
923 4199 1060 4280 trajecto
1077 4198 1207 4263 flumine
1226 4200 1371 4282 Danubij
1388 4201 1422 4262 in
1439 4221 1510 4282 par-

382 4312 432 4369 tes
448 4303 608 4371 Valaohie
625 4305 738 4390 feoisse
763 4305 926 4384 insultum,
943 4306 1032 4387 eujus
1058 4304 1217 4371 Dominus
1235 4313 1344 4371 tantos
1370 4309 1509 4389 impetus

384 4419 417 4475 et
434 4418 570 4476 oonatus
588 4412 746 4476 sustinere
764 4434 826 4475 non
853 4413 972 4492 volone,
999 4414 1040 4476 ad
1066 4413 1228 4495 refugium
1253 4398 1412 4479 montium
1438 4437 1509 4478 eum

383 4520 449 4584 suis
467 4541 499 4582 se
516 4519 698 4601 reduxerat,
715 4542 755 4583 ne
772 4521 804 4584 in
823 4522 996 4604 nepharius
1014 4511 1129 4586 Orureis
1154 4524 1297 4587 hostium
1323 4544 1438 4586 manus
1465 4523 1511 4590 iu·
