3268 5308
635 363 729 448 1111.
1142 404 1144 410 s
1184 376 1248 452 101

116 543 313 638 goniensem
330 579 413 642 quas
431 556 499 624 Sua
516 557 681 625 Sanctitas
699 561 732 626 in
758 562 819 628 hoc
844 565 961 649 exponi
982 565 1119 648 juberet,
1146 573 1178 631 et
1209 566 1249 632 de

115 661 245 746 reliquo
271 665 456 748 provideret
483 672 516 731 et
542 673 602 731 ect.
628 667 876 752 Respondentes
901 670 1012 756 itaque
1039 693 1111 736 cum
1136 681 1249 741 nostro

117 769 265 836 Consilio
281 769 486 854 Rogatorum
502 773 650 840 volumus
667 781 699 840 et
716 775 907 865 mandamus
923 777 992 857 tibi,
1013 781 1099 862 quod
1115 781 1165 846 his
1191 781 1249 848 ha·

113 877 193 944 bitis
236 879 292 944 des
333 901 466 963 operam
501 879 642 947 adeundi
676 885 874 966 presentiam
908 884 940 952 S.
972 885 1151 970 PontificiS,
1195 891 1248 954 cni

114 985 277 1068 imprimis
293 987 422 1052 nomine
438 994 550 1052 nostro
568 990 691 1070 gratias
707 991 855 1073 ingentes
880 992 1016 1079 habebis
1042 993 1082 1058 de
1106 999 1249 1061 comuni·

114 1093 246 1158 catione
262 1093 410 1176 predicta
427 1095 515 1161 etde
532 1096 774 1163 humanissimis
800 1099 905 1164 verbis
931 1107 964 1164 et
991 1101 1104 1184 modis,
1130 1103 1246 1186 quibus

113 1198 284 1265 nobiscum
299 1203 404 1266 utitur
436 1223 494 1266 sua
514 1203 695 1284 clementia,
712 1207 864 1290 quodque
880 1207 1097 1272 intelleximus
1113 1230 1246 1294 respon·

114 1327 186 1371 sum
213 1329 272 1390 per
293 1330 364 1373 eam
390 1308 503 1374 datum
529 1308 666 1376 Oratori
691 1311 873 1397 Hungarie,
897 1313 1127 1399 reddimurque
1152 1320 1243 1398 certi,

114 1417 205 1497 quod
245 1437 303 1498 pro
336 1418 465 1482 ardenti
500 1418 660 1484 desiderio
702 1419 742 1484 B.
783 1420 857 1504 Sue,
891 1423 924 1487 in
960 1423 1056 1489 rebus
1096 1423 1172 1490 fidei
1213 1433 1247 1490 et

112 1522 366 1590 christianorum
381 1525 461 1590 nihil
477 1549 619 1610 unquam
636 1526 675 1592 de
702 1529 909 1611 possibilibus
934 1531 1093 1598 omissura
1119 1533 1162 1596 sit
1186 1555 1246 1616 pro
1346 1575 1350 1583 ,

112 1630 219 1695 salute
236 1633 375 1698 nominis
392 1634 571 1698 christiani.
587 1634 744 1700 Dolemus
769 1658 809 1700 ex
835 1636 941 1718 corde,
968 1639 1055 1721 quod
1080 1640 1244 1723 principes
1345 1709 1350 1714 ,

1 1735 2 1796 ζ
44 1770 50 1775 -
112 1744 146 1802 et
169 1743 360 1822 potentatus
381 1740 478 1805 Italie
502 1741 536 1805 in
561 1741 623 1805 hoc
647 1749 716 1807 tam
743 1749 853 1809 sancto
879 1749 911 1808 et
936 1745 1119 1809 necessario
1146 1767 1244 1828 opere

110 1842 262 1910 difficiles
303 1847 491 1932 videantur,
530 1853 629 1930 utque
671 1847 702 1913 S.
744 1847 812 1914 Sua
852 1849 1019 1934 intelligat
1053 1852 1245 1934 gravissima

3 1943 7 1952 ’
110 1953 259 2036 pericula
292 1955 464 2036 Hnngarie
497 1961 529 2019 et
555 1955 723 2036 Valachie‚
756 1965 925 2040 sequentes
961 1958 1094 2024 solitum
1119 1981 1244 2026 morem

111 2068 271 2146 nostrum,
288 2058 448 2128 mittimus
464 2064 513 2127 his
533 2063 691 2148 implicita
707 2066 855 2149 exempla
880 2066 1074 2146 litterarum,
1100 2089 1182 2150 quas
1203 2066 1244 2133 ab

112 2167 301 2235 Secretario
318 2176 429 2234 nostro
444 2173 478 2235 in
494 2171 667 2256 Hungaria
684 2173 846 2238 existente
866 2173 1038 2238 novissime
1065 2172 1245 2256 habuimus,
1302 2241 1307 2251 ,

111 2299 173 2358 que
191 2275 323 2361 quidem
338 2279 491 2360 pericula,
508 2300 579 2343 cum
596 2280 736 2344 maxima
746 2281 819 2360 sint,
836 2280 1008 2345 certissimi
1019 2301 1138 2360 sumus,
1156 2283 1243 2365 quod

5 2371 33 2440 .'
111 2382 279 2450 Sanctitas
305 2383 372 2450 Sua
397 2387 542 2469 piissima
559 2395 591 2452 et
607 2389 845 2470 sapientissima
869 2393 997 2452 tantum
1023 2387 1245 2474 magnifaciet,

1 2479 3 2497 ’
112 2499 273 2578 quantum
290 2496 376 2559 omni
388 2496 460 2578 jure
477 2502 650 2577 merentur,
666 2495 847 2580 futurisque
864 2497 958 2561 malis
979 2487 1166 2579 dignabitur
1192 2518 1247 2564 oc.

112 2621 254 2682 currere,
265 2621 324 2665 nos
335 2606 445 2666 autem
461 2601 571 2685 cupidi
582 2625 707 2686 semper
724 2627 794 2670 cum
806 2603 1018 2669 Beatitudinc
1030 2602 1098 2670 Sua
1108 2603 1244 2670 reddere

111 2731 170 2775 nos
188 2707 379 2790 conformes,
404 2716 516 2792 notum
543 2712 573 2776 ei
597 2709 742 2794 facimus,
767 2713 852 2794 quod
876 2713 1022 2777 misimus
1047 2711 1184 2778 indilate
1211 2715 1245 2778 in

110 2817 330 2900 Hungariam,
347 2823 379 2881 et
395 2816 438 2882 ad
453 2840 567 2883 manus
593 2817 715 2900 prefati
745 2817 949 2884 Serenissimi
975 2819 1077 2903 Regis
1103 2809 1239 2886 ducatos

105 2922 146 2986 X
161 2924 263 3008 mille,
289 2923 344 2990 sed
361 2925 520 3008 quomodo
533 2927 656 3010 judicio
671 2932 783 2992 nostro
800 2949 851 2992 res
877 2928 939 2992 iste
959 2921 1128 3010 Hungarie
1153 2940 1249 3008 mag-'

111 3035 159 3097 nis
186 3034 341 3118 periculis
372 3035 517 3117 proxime
538 3039 622 3114 sunt,
647 3035 854 3118 provisioque
880 3055 992 3100 earnm
1017 3037 1049 3098 in
1076 3034 1244 3100 celeritate

112 3143 280 3224 consistat,
297 3147 329 3204 et
346 3163 470 3206 summa
485 3145 704 3224 pecuniarum,
728 3164 791 3226 que
816 3150 892 3208 sunt
917 3142 1004 3226 aqud
1029 3141 1242 3208 Reverendis-

113 3251 230 3316 simum
258 3247 468 3314 Oardinalem
495 3248 761 3335 strigoniensem,
793 3258 829 3316 ut
861 3273 900 3316 ex
924 3250 1043 3316 litteris
1068 3249 1243 3333 Secretarij

112 3359 215 3421 nostri
230 3355 297 3421 illis
312 3358 346 3422 in
361 3356 519 3441 partibus,
535 3358 762 3440 intelleximus,
780 3359 845 3423 sint
861 3357 1054 3423 ducatorum
1065 3357 1116 3426 VI
1132 3355 1243 3421 millia.

113 3487 174 3548 que
186 3485 314 3530 summa
326 3486 397 3530 cum
407 3465 528 3530 nostris
539 3464 576 3528 X
586 3465 730 3530 millibus
742 3466 878 3549 ducatis,
892 3464 1015 3549 judicio
1026 3472 1138 3532 nostro
1150 3470 1243 3530 tante

26 3629 28 3636 ,
112 3573 157 3638 rei
174 3578 208 3637 et
225 3571 466 3656 opportunitati
481 3591 545 3636 non
562 3571 732 3653 satisfacit,
750 3592 813 3637 non
834 3571 1016 3638 desinemus
1033 3571 1131 3636 solita
1147 3561 1242 3638 filiali

114 3679 282 3747 devotione
313 3685 424 3744 nostra
455 3685 643 3746 reverenter
686 3700 948 3762 commemorare,
977 3685 1009 3744 et
1040 3679 1243 3745 devotissime

114 3787 307 3871 supplicare,
332 3793 369 3850 ut
386 3789 580 3869 computatis
596 3788 750 3872 pecunijs,
767 3809 829 3871 que
845 3795 920 3853 sunt
935 3787 1024 3870 aqud
1048 3787 1155 3870 ipsum
1179 3785 1243 3852 Re—

113 3894 382 3961 verendissimum
408 3892 624 3977 Oardinalem,
649 3897 798 3980 supplere
824 3903 856 3958 et
881 3895 1054 3978 providere
1081 3896 1241 3976 quampri.

114 4025 199 4068 mum
216 4002 318 4068 libeat
334 4024 436 4094 usque
453 4002 496 4066 ad
513 4025 670 4068 summam
681 4001 756 4066 XX
766 4001 904 4066 millium
922 4001 1120 4065 ducatorum.
1138 3997 1243 4066 Strin-

115 4117 232 4191 guntur
259 4131 374 4192 nempe
399 4111 544 4193 pericula
567 4111 625 4176 illa
649 4133 708 4194 per
734 4109 872 4190 modurn,
904 4107 1000 4190 quod
1022 4108 1148 4171 utinam
1175 4126 1240 4170 non

114 4218 258 4300 peniteat
284 4217 475 4282 christianos
501 4219 662 4301 principes
679 4219 773 4283 tarde
789 4217 924 4281 nimium
941 4215 1070 4278 credere
1087 4213 1242 4278 voluisse-

116 4325 185 4392 Hoc
211 4331 322 4392 autem
337 4325 527 4390 mandatum
553 4333 698 4391 nostrum
715 4325 802 4409 apud
820 4323 851 4389 S.
869 4320 1061 4390 Pontificem
1079 4318 1243 4405 prefatum

116 4434 332 4501 acuratissime
348 4433 459 4516 exequi
480 4431 633 4517 studebis,
650 4440 681 4498 et
697 4431 737 4496 de
754 4438 877 4514 quanto
893 4429 1089 4496 deliberabit
1105 4426 1241 4526 Sancti·

18 4575 19 4579 ¹
116 4549 164 4608 tas
182 4543 258 4624 Sua,
275 4563 333 4607 nos
351 4543 478 4608 solicite
495 4542 696 4607 litteris-tuis
713 4541 868 4606 certiores
885 4539 995 4605 facies.

1086 4642 1134 4708 rt*
