3256 5304
668 325 762 411 1163.
1218 328 1280 414 aet

261 518 356 603 Quod
376 523 514 586 libenter
531 507 760 603 intelleximus,
778 531 935 606 quantum
962 525 1028 590 Sua
1054 525 1094 589 R.
1122 527 1157 590 P.
1185 527 1281 591 solita

149 629 219 712 ejus
231 631 406 713 prudentia
422 629 517 694 nobis
535 629 700 710 eleganter
716 633 874 713 exposuit,
890 633 1081 713 egimusque
1098 655 1231 714 magnas
1249 641 1282 698 et

149 737 369 819 amplissimas
390 738 516 820 gratias
532 736 638 817 Regio
655 736 828 802 Serenitati
845 738 1015 819 Hungarie
1032 761 1091 821 pro
1118 739 1281 804 humanis·

148 847 242 911 simis
274 847 381 913 verbis
414 847 489 928 suis,
515 865 639 930 proque
664 845 768 909 multa
793 843 962 910 affectione
995 852 1027 910 et
1052 846 1281 929 benivolentia,

150 975 255 1036 quam
272 957 356 1038 gerit
371 961 484 1019 nostro
502 954 660 1033 dominio,
687 954 742 1018 sed
759 975 818 1017 nos
836 975 964 1038 quoque
981 956 1195 1020 certissimam
1212 979 1282 1028 esse

148 1063 298 1126 volumus
316 1063 525 1145 Majestatem
543 1061 652 1142 Suam,
669 1060 757 1144 quod
774 1083 884 1125 sumus
909 1062 970 1126 sibi
987 1062 1144 1144 singulari
1170 1085 1280 1128 amore

148 1175 184 1233 et
199 1171 358 1234 immensa
374 1171 510 1234 caritate
527 1168 645 1248 affecti,
662 1190 821 1250 omneque
847 1169 945 1234 decus
972 1177 1005 1234 et
1030 1171 1280 1255 amplitudinem

149 1277 364 1342 Celsitudinis
397 1274 461 1341 Sue
493 1299 556 1340 non
588 1276 703 1356 minus,
737 1297 835 1357 quam
876 1278 1044 1360 proprium
1076 1277 1279 1346 affectamus.

149 1384 359 1470 Quandoque
375 1386 427 1450 his
443 1386 557 1450 diebus
576 1385 758 1449 audivimus
782 1384 895 1448 felices
921 1406 1086 1450 successus
1113 1407 1188 1451 suos
1212 1393 1280 1451 tam

148 1494 184 1557 in
201 1492 317 1576 Regno
338 1493 473 1558 Bossine
490 1513 585 1576 quam
604 1494 710 1573 aliter,
730 1491 875 1574 profecto
901 1494 1073 1558 maximam
1096 1494 1279 1577 jecundita-

146 1608 215 1665 tem
232 1607 266 1666 et
282 1601 423 1666 letitiam
438 1601 640 1684 sumpsimus
656 1602 702 1666 Et
719 1607 843 1682 quanto
864 1623 1059 1684 progressus
1087 1602 1280 1669 serenitatis

149 1709 216 1775 Sue
234 1707 394 1775 feliciores
411 1716 444 1774 et
475 1709 649 1792 ampliores
674 1716 779 1789 erunt,
794 1716 888 1774 tanto
906 1710 1065 1794 siquidem
1090 1710 1183 1775 nobis
1209 1732 1280 1792 gra-

148 1817 263 1883 tiores.
280 1818 336 1881 Ad
352 1817 452 1900 ligem
471 1823 503 1880 61
518 1817 767 1900 intelligentiam
784 1840 857 1882 cum
874 1816 940 1883 Sua
956 1817 1133 1903 Majestate
1153 1819 1282 1885 deveni·

148 1947 221 1989 mus
248 1927 374 2008 optimo
401 1932 433 1989 et
460 1924 673 1989 sincerissimo
699 1926 804 2004 corde,
830 1927 863 1988 in
889 1933 1012 2008 quaet
1042 1927 1075 1990 in
1107 1925 1280 1992 affectione
1308 1921 1315 1931 ⁶

151 2040 270 2097 nostra
287 2040 444 2116 perpetuo
461 2054 669 2114 perseverare
687 2033 895 2117 disponimus.

258 2139 316 2208 Ad
331 2147 460 2222 partem
476 2139 621 2204 favorum
639 2141 851 2222 pecuniarum
867 2141 1020 2207 vellemus
1036 2141 1181 2225 profecto
1200 2146 1231 2206 et
1248 2144 1281 2206 in

147 2248 212 2312 hoc
229 2249 311 2312 etin
330 2246 480 2312 omnihus
495 2247 600 2330 Regie
617 2248 789 2330 Majestati
806 2250 1007 2332 complacere
1034 2270 1139 2330 posse,
1156 2249 1213 2314 sed
1239 2251 1279 2313 si-

147 2363 205 2421 cut
229 2377 290 2439 per
316 2365 479 2422 oratorem
505 2362 653 2420 nostrum
680 2357 743 2421 dici
768 2357 901 2422 fecimus
927 2356 1107 2422 Serenitati
1124 2356 1198 2438 Sue,
1223 2379 1281 2439 per

148 2466 335 2548 ingressum
351 2447 503 2529 nostrum*
514 2465 547 2528 in
562 2463 648 2529 bello
666 2487 737 2529 cum
755 2465 872 2546 Turco,
893 2483 1002 2529 sumus
1019 2464 1061 2528 ad
1089 2485 1221 2547 presens
1246 2465 1280 2528 in

147 2574 298 2656 expensis
332 2573 522 2637 ducatorum
558 2580 784 2639 sexcentorum
810 2574 934 2638 milium
960 2580 992 2638 et
1016 2573 1104 2638 ultra
1128 2572 1161 2635 in
1188 2593 1281 2652 anno,

146 2681 268 2746 tamin
294 2681 446 2758 gentibus
472 2681 652 2764 armigeris,
679 2689 712 2746 61
737 2682 901 2767 pedibitus
927 2703 967 2745 ex
991 2679 1093 2745 Italia
1118 2680 1224 2744 missis
1250 2685 1282 2744 et

147 2810 231 2871 quos
248 2789 450 2852 incessanter
466 2788 625 2853 mittimus
651 2795 766 2853 contra
791 2809 960 2854 comunem
977 2789 1112 2869 hostem,
1127 2809 1226 2870 quam
1246 2787 1280 2850 in

146 2895 376 2979 potentissima
391 2895 502 2975 classe,
519 2917 617 2977 quam
634 2896 785 2961 continue
802 2895 1014 2961 testificamus
1035 2901 1148 2960 eontra
1174 2895 1280 2977 ipsum

146 3005 286 3085 hostem,
303 3003 378 3066 hinc
395 3008 454 3084 est,
471 3002 651 3084 quodlicet
669 3003 820 3068 voluntas
848 3009 962 3068 nostra
987 3003 1021 3066 in
1048 3001 1280 3067 (lelsitudinem

146 3113 251 3179 Suam
268 3110 505 3194 perfectissima
522 3110 584 3190 sit3
610 3117 719 3175 tamen
735 3133 799 3176 non
816 3111 859 3175 sit
879 3110 971 3176 nobis
987 3109 1142 3194 possibile
1166 3108 1282 3193 faeere,

144 3222 235 3304 quod
256 3221 422 3299 vellemus,
448 3219 588 3300 ideoque
614 3239 769 3301 rogamus
785 3219 996 3302 Majestatem
1021 3217 1131 3300 Suam,
1159 3224 1196 3282 ut
1221 3241 1280 3284 nos

144 3329 272 3394 habeat
289 3332 508 3410 supportatus.

256 3436 603 3517 Commemoreturque
619 3435 682 3518 ipsi
700 3432 843 3515 Oratori,
861 3435 949 3517 quod
965 3434 1095 3517 bellum,
1112 3435 1201 3516 quod
1227 3456 1282 3518 po·

142 3551 253 3610 tenter
280 3544 424 3626 gerimus
451 3547 563 3607 eontra
578 3543 713 3624 hostem,
739 3540 991 3605 existimandum
1023 3547 1071 3606 est
1103 3543 1279 3606 maximum

143 3652 328 3736 presidium
355 3653 451 3717 rebus
468 3649 534 3716 Sue
561 3649 764 3716 serenitatis
791 3647 1093 3714 Commemorentur
1118 3651 1218 3714 etiam
1235 3672 1283 3728 ea,

144 3781 209 3843 que
236 3760 523 3842 impresentiarum
549 3777 606 3840 per
635 3755 804 3822 Summum
831 3754 1025 3820 Pontificem
1052 3762 1084 3820 et
1109 3779 1168 3840 per
1199 3757 1284 3822 alias

142 3867 312 3950 potentias
329 3866 546 3948 disponuntur
562 3870 676 3929 contra
691 3863 818 3927 hostem
843 3861 918 3926 fidei
945 3863 1237 3946 exterminandum,
1253 3871 1286 3928 et

144 3975 277 4040 demum
295 3973 445 4038 omnibus
462 3972 528 4036 illis
544 3971 679 4036 utilibus
697 3976 731 4035 et
746 3970 988 4052 pertinentibus
1005 3970 1122 4050 verbis,
1140 3991 1203 4052 que
1229 3992 1281 4034 611-

143 4082 262 4166 pedire
288 4080 496 4160 videbuntur,
523 4084 690 4162 queratur,
717 4079 805 4160 quod
830 4076 871 4142 de
897 4079 959 4143 hoc
980 4078 1163 4161 justificato
1181 4085 1215 4142 61
1228 4078 1285 4142 ho·

142 4198 239 4255 nesto
256 4209 416 4273 responso
433 4194 545 4253 nostro
563 4193 665 4252 restet
680 4186 761 4250 bene
783 4192 963 4251 contentus.

255 4297 308 4362 De
325 4301 422 4380 parte
484 4334 525 4343 -
574 4326 617 4341 2-
667 4297 739 4358 152.

256 4387 308 4451 De
325 4408 391 4451 non
483 4424 525 4434 —
573 4419 617 4432 -
709 4391 739 4448 0.

257 4477 467 4544 Nonsineeri
485 4515 526 4521 —-
575 4513 616 4520 -
712 4478 739 4536 5.

255 4582 416 4649 (Velenczei
430 4586 608 4647 allamkdnyv
624 4583 682 4631 194.
696 4579 727 4640 l.)

637 4665 719 4676 -u——-
739 4665 797 4676 .-.Δ
