3256 5304
632 381 726 442 1464.
1183 387 1246 446 279

116 549 269 616 advisaro
287 552 410 620 Vestra
436 554 651 637 Excellentia,
676 556 730 621 ala
746 557 823 640 qual
840 579 967 640 sempre
984 571 1034 622 me
1051 560 1249 626 ricomando.
1289 561 1291 576 '

117 658 266 727 Venezia
281 661 333 726 die
350 659 470 729 XVH.
486 660 579 746 Junij
599 666 695 729 1464.

164 769 204 834 Ε.
222 767 263 833 V.
279 767 331 834 Ill.
349 769 410 835 Ex.
810 773 1016 838 fidelissimus
1033 797 1141 840 servus
1204 741 1206 744 Ι

804 879 974 950 Gerardus
991 881 1030 948 de
1048 882 1160 952 collis.
1213 983 1215 988 ,

230 1021 356 1083 (Mildndi
370 1021 456 1073 allam
470 1023 546 1085 nar.)

606 1224 765 1234 ———.

654 1481 727 1542 170.

2 1638 3 1708 J
123 1638 221 1700 1464.
237 1635 267 1700 Α
284 1636 436 1701 ὐείθησκεί
452 1639 659 1724 chztcireaso'p
676 1638 778 1728 Aymo
794 1642 900 1705 Jceoe
915 1642 1184 1727 mopyororszdpi
1200 1642 1250 1705 leo·-

2 1802 3 1810 ,
122 1746 201 1808 vetet
229 1769 250 1808 o
275 1745 557 1827 ko'ztdraaedgnalc
583 1771 604 1810 o
621 1747 712 1810 toret
730 1748 809 1811 ellen
825 1749 956 1812 inditore
972 1749 1254 1817 bodmr'lceleteirdl
1379 1742 1384 1750 ’

178 1855 359 1932 c'rtesitoe‘o,
375 1853 507 1940 Magos
523 1855 645 1940 kiralyt
661 1856 973 1942 tdmaddfellc'pe'cre
990 1860 1198 1926 deatdndzteti,

2 2064 11 2074 ·
124 2046 441 2114 MCOOOLXIIH.
459 2049 511 2114 die
530 2050 635 2114 XXI.
653 2049 757 2134 Junij.

234 2155 295 2222 Ser
311 2154 434 2221 Joanni
451 2155 568 2242 Aymo,
593 2158 699 2238 militi,
728 2155 862 2224 Oratori
879 2165 991 2226 nostro
1007 2160 1093 2246 apud
1111 2159 1256 2227 Serenis-

2 2279 3 2336 ἒ
125 2267 243 2330 simum
258 2267 436 2331 Dominum
451 2266 577 2348 Regem
595 2266 777 2347 Hungarie.

127 2377 145 2436 5
163 2371 335 2456 Sapientes
354 2371 489 2456 OOUSffij
611 2392 743 2474 Ultime,
760 2413 841 2476 quas
853 2354 972 2458 avobis
983 2393 1166 2474 habuimus,
1182 2399 1258 2457 sunt

364 2574 497 2581 ——

2 2510 5 2586 ζ
127 2484 145 2542 3
243 2504 259 2538 ³⁹
351 2485 374 2546 t·
389 2481 411 2548 f·
558 2499 621 2564 diei
637 2502 746 2582 quarti
763 2502 916 2566 instantis
933 2522 972 2565 ex
983 2501 1090 2581 Bada,
1106 2523 1164 2586 per
1174 2522 1256 2583 quas

2 2615 3 2648 ³
127 2629 237 2672 curam
265 2613 297 2671 et
314 2606 518 2690 diligentiam
533 2629 591 2690 per
606 2629 662 2672 vos
678 2608 869 2690 adhibitam,
896 2614 929 2673 et
946 2629 1044 2690 quam
1060 2609 1260 2673 incessanter

127 2709 299 2796 adhibetis,
324 2721 361 2779 ut
385 2715 447 2781 istc
463 2713 695 2782 Serenissimus
710 2715 783 2780 Rex
798 2717 832 2779 in
849 2739 998 2799 campum
1014 2723 1117 2800 exeat,
1143 2739 1259 2801 cogno-

127 2826 240 2888 vimus·
264 2823 491 2994 pitelleximus
506 2824 613 2904 etiam,
640 2845 719 2906 quas
736 2846 851 2889 causas
868 2825 1031 2908 Majestas
1049 2826 1116 2892 Sua
1132 2833 1259 2909 preten-

49 2913 53 2916 ¹
129 2930 224 2996 ditet
241 2930 273 2994 al
288 2937 364 3013 egat
379 2951 439 3014 pro
456 2931 657 2995 honestanda
667 2937 700 2996 et
706 2931 918 3015 justificanda
928 2955 1020 2998 mora
1038 2939 1070 2997 et
1090 2933 1260 2998 dillatione

129 3061 197 3120 sua,
225 3059 286 3119 que
310 3037 433 3121 judicio
455 3043 567 3102 nostro
584 3039 754 3103 retardare
770 3038 982 3122 Majestatem
998 3039 1180 3123 predictam
1195 3033 1261 3106 n'on

2 3169 3 3230 3
130 3147 267 3227 debent3
292 3169 367 3212 nam
397 3147 445 3210 vir
464 3146 582 3211 nobilis
599 3145 796 3210 Franciscus
813 3145 1003 3213 Justiniano
1017 3149 1086 3233 jam
1101 3148 1186 3213 liber
1202 3157 1262 3230 est,

2 3233 3 3276 ³
130 3262 170 3322 ut
187 3255 340 3336 scribitis,
366 3259 399 3318 ct
423 3253 513 3318 illum
529 3254 717 3338 propediem
744 3255 797 3318 hic
813 3254 959 3321 futurum
976 3279 1041 3322 non
1058 3256 1263 3337 dubitamus;

2 3361 3 3390 i
130 3370 304 3449 expectare
328 3383 413 3446 vero,
439 3361 526 3446 quod
543 3361 575 3427 S.
591 3361 748 3428 Pontifex
775 3363 818 3428 sit
833 3364 868 3427 in
884 3365 977 3446 mari,
1005 3386 1070 3430 non
1087 3371 1138 3429 est
1153 3385 1264 3429 neces-

8 3511 14 3516 ·
129 3473 262 3553 sarium,
290 3493 396 3554 neque
421 3470 464 3536 ad
484 3469 690 3554 propositum
706 3491 815 3536 rerum
830 3471 1142 3555 benegerendarum.
1175 3469 1265 3556 Quo-

128 3581 225 3646 modo
253 3584 379 3662 quanto
400 3579 502 3643 hostis
518 3577 663 3660 undique
680 3578 774 3642 citius
791 3579 959 3661 premitur,
985 3583 1079 3644 tanto
1095 3579 1193 3644 rebus
1211 3601 1263 3644 co·

1 3743 4 3776 e
128 3688 282 3754 munibus
300 3683 365 3752 Sue
381 3686 572 3769 Majestatis
598 3692 631 3750 ct
655 3687 776 3752 nostris
802 3685 1003 3752 commodius
1023 3690 1055 3750 et
1072 3686 1187 3753 utilius
1203 3693 1264 3754 est.

2 3781 3 3804 ¹
70 3871 73 3878 ¹
129 3795 175 3860 Et
192 3792 358 3876 quomodo
376 3813 416 3858 cx
431 3791 580 3876 partibus
597 3791 754 3858 Levantis
770 3791 884 3858 literas
901 3792 1074 3857 habuimus
1096 3815 1116 3857 a
1132 3791 1265 3877 Capita·

2 3967 3 3992 ἢ
131 3922 193 3966 neo
209 3906 323 3965 nostro
341 3899 486 3984 generali
501 3900 612 3979 maris,
638 3905 676 3964 ut
691 3900 864 3985 Majestati
881 3899 946 3966 Sue
962 3900 1033 3965 noti
1049 3906 1133 3980 sunt,
1160 3901 1266 3966 exitus

2 4023 3 4088 ᾗ
131 4011 264 4076 illarum
273 4030 392 4090 rerum,
400 4008 583 4090 exemplum
591 4008 765 4073 literarum
773 4008 997 4092 predictarum
1007 4010 1098 4074 vobis
1109 4009 1268 4073 mittimus

2 4113 4 4138 ²
131 4117 338 4202 presentibus
364 4115 587 4196 introclusum,
619 4114 773 4197 volentes,
799 4123 832 4180 et
857 4116 948 4181 vobis
973 4117 1166 4181 mandantes
1191 4137 1265 4180 oum

2 4223 11 4286 i·
132 4231 245 4290 nostro
272 4223 419 4290 Consilio
446 4224 661 4308 Rogatorum,
696 4225 881 4306 quodcum
906 4224 1085 4308 Majestate
1116 4224 1264 4307 predicta

134 4335 240 4399 subito
265 4333 407 4417 receptis
434 4332 638 4416 presentibus
655 4353 725 4398 esse
742 4333 898 4413 debeatis
925 4355 997 4397 cum
1013 4353 1078 4414 qua
1092 4352 1176 4396 nova
1192 4352 1266 4414 pre·

111 4441 220 4507 vdicta
246 4441 457 4506 comunicetis
483 4446 516 4504 et
541 4438 673 4505 addatis
701 4462 760 4504 nos
786 4445 958 4524 propterea
984 4440 1127 4504 animum
1143 4460 1266 4522 nequa·
1330 4477 1331 4483 κ

2 4579 6 4590 r
135 4570 232 4634 quam
258 4548 416 4630 amisisse,
442 4548 499 4612 sed
525 4547 611 4612 omni
635 4546 754 4630 studio,
779 4569 867 4632 cura,
896 4554 929 4614 ct
955 4546 1128 4633 diligentia
1156 4553 1271 4616 nostra
