3314 5300
727 393 960 438 ninnounczmi
979 381 1145 438 nnrttnnx.

906 685 980 747 203.

376 842 471 904 1465.
499 840 527 904 A
546 845 696 906 nclcnrzei
722 845 939 908 ullamturuics
955 847 1116 928 trudosilja
1133 844 1243 907 ronnei
1260 844 1378 908 kiirete't
1395 869 1416 907 a
1435 869 1502 908 ruu-

544 973 631 1034 ,qyar
647 951 758 1037 kircily
774 953 955 1016 koueteinek
971 953 1129 1016 kitldete'ee
1146 953 1339 1038 trirpyciban.

374 1142 639 1214 MOOOOLXV.
658 1148 709 1213 die
726 1147 885 1214 XXVII.
902 1149 994 1232 Maij.

482 1254 543 1320 Ser
568 1254 711 1320 Nicolao'
734 1256 773 1321 de
799 1254 927 1336 Oanali,
953 1254 1100 1336 Ductori,
1127 1256 1261 1323 Oratori
1283 1263 1395 1322 nostro
1414 1256 1504 1338 apud

375 1363 543 1430 Summum
559 1364 760 1430 Pontificem.

375 1469 547 1553 ὃὃΡῙθΠῑθθ
564 1470 700 1556 OOUSllll
719 1478 751 1537 el
808 1539 912 1555 .....
928 1487 1020 1554 Inter
1045 1494 1153 1553 cetera
1179 1509 1255 1552 vero
1272 1487 1505 1566 intelleximus,

378 1603 537 1678 ’,ζ’--
575 1584 597 1642 l·
615 1580 635 1643 f·
744 1672 748 1677 ,
809 1603 968 1678 quantum
990 1596 1139 1678 scribitis,
1165 1596 1251 1659 circa
1267 1595 1507 1678 expeditionem

376 1702 553 1770 Oratorum
571 1703 778 1770 serenissimi
794 1701 896 1787 Regis
913 1704 1094 1787 Hungarie,
1111 1703 1163 1769 cui
1181 1700 1333 1768 Summus
1351 1702 1508 1767 Pontifex

377 1815 456 1878 dare
472 1814 663 1878 instituerat
679 1813 820 1878 florenos
836 1812 941 1878 LVII
958 1811 1054 1895 mille,
1080 1811 1112 1877 V
1129 1818 1240 1878 centos
1258 1818 1290 1876 et
1306 1809 1507 1892 responden-

376 1929 434 2002 tes,
460 1922 607 1999 dicimus,
634 1942 703 1985 esse
720 1921 836 1985 mentis
854 1926 974 2002 nostre,
991 1921 1078 2004 quod
1096 1920 1167 1985 sitis
1185 1939 1282 2002 super
1299 1918 1361 1982 hoc
1378 1940 1451 1982 curn
1468 1913 1506 1980 Β.

377 2028 454 2111 Sua,
471 2028 599 2110 agendo
616 2027 679 2092 sibi
695 2027 818 2110 gratias
835 2029 923 2091 circa
939 2028 1008 2092 hoc.
1035 2026 1158 2094 Verum
1175 2027 1367 2091 examinatis
1383 2027 1509 2109 pericu-

376 2137 453 2202 losis
471 2135 711 2201 conditionibus
727 2156 843 2214 rerum,
870 2139 903 2198 et
918 2140 1100 2218 temporum
1118 2135 1365 2218 occurrentium,
1392 2140 1425 2199 et
1442 2157 1509 2199 rna-

376 2247 448 2328 gnis
480 2241 692 2327 apparatibus
720 2242 910 2335 Tureorum,
943 2263 1071 2325 quoque
1102 2265 1153 2308 res
1185 2243 1335 2325 gerendo,
1367 2249 1405 2307 ut
1436 2243 1507 2326 ejus

378 2351 546 2418 Sanctitas
562 2351 802 2434 sapientissima
819 2351 939 2432 optime
959 2351 1056 2430 novit,
1072 2351 1298 2434 principaliter
1319 2351 1505 2415 consistunt
1570 2360 1573 2367 '
1615 2421 1618 2423 ,

376 2461 410 2524 in
437 2457 644 2526 fortificando
669 2459 809 2542 Regiam
835 2458 1052 2525 Serenitatem
1078 2458 1260 2542 Hungarie,
1294 2463 1331 2522 ut
1356 2463 1508 2541 potenter

377 2570 481 2651 possit
506 2574 618 2632 contra
643 2587 812 2632 comunem
836 2566 964 2630 hostem
990 2566 1175 2648 procedere,
1207 2586 1383 2649 speramus,
1417 2570 1449 2629 et
1475 2565 1507 2627 in

378 2676 561 2742 Sanctitate
572 2675 639 2741 Sua
656 2675 751 2758 plane
767 2674 967 2755 confidimus,
981 2674 1068 2756 quod
1084 2675 1185 2738 veluti
1201 2675 1353 2757 princeps
1371 2679 1405 2738 et
1415 2679 1509 2756 pater

373 2783 649 2848 'clementissimus
676 2782 937 2862 christianorum,
963 2787 1134 2846 contentus
1160 2783 1230 2862 erit,
1264 2803 1336 2846 cum
1361 2786 1509 2864 tempore

379 2892 551 2974 providere
568 2890 676 2956 cidem.
689 2888 900 2955 Serenissimo
918 2891 1011 2974 Regi,
1035 2890 1130 2973 juxta
1146 2889 1418 2972 liberalissimam,
1443 2911 1510 2954 ma-

379 2999 566 3081 gnanimam
582 3005 615 3064 et
631 2998 933 3065 christianissimam
945 2998 1143 3062 oblationem
1153 2996 1273 3062 factam
1283 3019 1341 3080 per
1350 2995 1389 3060 B.
1400 2996 1511 3078 Suam,

360 3117 416 3169 ut
441 3105 513 3168 Rex
537 3106 606 3188 ipse
631 3107 818 3189 impresiam
853 3111 1016 3188 sumptam
1041 3110 1190 3188 potenter
1217 3110 1249 3168 et
1275 3103 1412 3168 feliciter
1438 3125 1511 3167 eon-

380 3212 507 3278 tinuare
532 3213 645 3296 possit,
670 3213 753 3278 sieut
769 3211 857 3277 salus
873 3234 982 3277 rerum
999 3212 1261 3293 christianarum,
1289 3213 1510 3296 maximopere
1556 3278 1559 3282 ,

380 3322 527 3405 requirit.

489 3431 530 3513 a
581 3434 643 3494 136
691 3467 733 3476 -
784 3434 800 3492 1
850 3466 893 3476 -
943 3435 969 3492 1.

489 3575 646 3637 (Velenczei
660 3575 839 3637 allamktinyv
853 3576 919 3624 Duc.
933 3575 983 3623 111.
1000 3575 1039 3622 87.
1057 3568 1085 3633 Ι.)

865 3863 1022 3872 -α--ψ-η-
