3256 5304
401 361 464 425 190
751 373 985 424 circonstans
1004 359 1170 422 curasses.

399 564 469 606 mus
486 541 570 606 Duci
589 540 756 622 Stephano
772 543 880 602 certas
900 536 1095 602 munitiones
1106 557 1145 598 ex
1156 535 1254 598 terris
1271 535 1393 598 etlncis
1409 534 1534 598 nostris
1590 537 1596 542 ’

398 649 575 728 Dalmatie,
601 646 826 728 credimusque
844 667 966 724 revera,
993 644 1081 726 quod
1098 642 1189 721 nihil,
1213 648 1271 708 aut
1286 663 1402 724 perum
1427 646 1535 706 restet

398 779 437 822 ex
464 756 518 820 eis.
544 751 591 819 At
606 775 682 819 vero
708 753 740 816 in
766 751 1039 834 complacentiam
1064 751 1166 832 ipsius
1192 747 1396 814 serenissimi
1420 748 1535 831 Regis,

369 919 372 924 .
399 865 450 928 cui
465 863 601 927 multum
628 859 797 940 afficimur,
822 860 966 924 contenti
992 878 1102 922 sumus
1128 855 1189 920 sibi
1215 855 1301 920 dono
1326 855 1401 920 dari
1424 855 1534 920 fecere

400 969 569 1036 ballistras
598 968 676 1033 L-ta
702 966 833 1032 falsitas
859 967 966 1048 capsis
993 965 1075 1028 L-ta
1100 969 1326 1028 veretonorum
1356 970 1389 1028 et
1414 963 1536 1027 barilia

398 1077 478 1142 L-ta
493 1075 635 1160 pulveris
655 1095 675 1138 a
694 1073 884 1139 bombarda.
1557 1073 1563 1079 “

506 1183 714 1265 Asparem
739 1181 986 1261 ballistriorum‚
1012 1201 1093 1262 quos
1126 1184 1249 1262 petunt,
1276 1177 1433 1242 vellemus
1458 1197 1535 1260 pro-

398 1291 485 1358 lecto
516 1288 729 1354 Serenissimo
754 1287 796 1351 D.
823 1286 891 1352 Suo
913 1309 1008 1370 posse
1033 1288 1068 1351 in
1092 1287 1189 1351 rebus
1215 1284 1365 1350 omnibus
1392 1284 1534 1367 compla-

399 1419 471 1462 cere
497 1397 595 1461 etiam
620 1397 762 1480 proprijs
788 1396 908 1461 nostris
928 1395 1086 1478 expensis,
1103 1394 1160 1458 sed
1185 1401 1220 1458 ut
1245 1398 1376 1472 norunt,
1401 1398 1470 1456 tam
1498 1393 1533 1454 in
1622 1473 1624 1494 1

400 1510 528 1569 armata
553 1510 673 1585 nostre,
698 1525 795 1587 quam
822 1505 855 1567 in
880 1503 955 1587 alijs
980 1503 1092 1566 multis
1116 1501 1352 1584 provisionibus
1378 1500 1535 1566 munitio·
1622 1495 1624 1502 ’

401 1632 487 1693 num,
503 1609 692 1675 victualium
708 1616 741 1675 et
757 1611 902 1693 gentium
918 1611 1106 1693 positarum,
1122 1611 1156 1673 in
1181 1610 1279 1672 terris
1297 1614 1330 1672 et
1353 1608 1434 1672 locis
1460 1629 1534 1695 nos-

399 1720 460 1782 tris
477 1717 622 1782 finitimis
648 1716 766 1796 Turm,
791 1719 949 1782 maximas
974 1738 1132 1800 expensas
1157 1717 1310 1800 patimur.
1335 1709 1534 1796 Ex'quibus

399 1825 547 1890 omnibus
563 1844 717 1905 rogemus
735 1821 982 1888 serenissimum
1000 1824 1124 1904 Regem
1141 1845 1243 1903 suum,
1262 1829 1300 1887 ut
1326 1843 1384 1887 nos
1409 1822 1534 1886 habeat

399 1939 619 2016 supportatos²
646 1931 702 1996 sed
729 1954 837 1998 snmus
857 1933 937 1997 bene
955 1933 1108 2011 contenti,
1125 1932 1211 2014 quod
1227 1931 1261 1994 in
1277 1931 1375 1995 terris
1392 1937 1426 1994 et
1451 1929 1533 1996 locis
1622 1995 1624 2018 ἓ

398 2041 517 2106 nostris
532 2041 678 2122 accipere
704 2040 808 2123 possit
833 2039 1007 2122 stipendio,
1028 2058 1236 2121 quoscunque
1252 2037 1390 2102 voluerit
1416 2037 1530 2102 bellis·
1621 2069 1624 2096 ι

397 2148 525 2229 trarios,
540 2165 693 2230 'eosquem
711 2147 776 2211 suis
793 2145 1092 2230 opportunitatibus
1110 2167 1268 2210 exercere.

507 2255 548 2341 -l
598 2261 659 2321 151
712 2298 747 2305 -
803 2261 816 2320 l
865 2291 908 2302 -—
956 2261 984 2321 tl.

510 2420 667 2480 (Velenezei
681 2421 764 2468 allam
780 2417 835 2467 lter
851 2421 909 2466 141.
924 2420 941 2468 l.
955 2419 1022 2468 Doc.
1037 2419 1085 2478 ΙΙ.)

883 2631 1039 2638 -—·—-.——-

930 2873 1001 2935 120.

399 3031 494 3092 1462.
522 3032 550 3092 A
577 3026 719 3115 bosnydle
744 3000 855 3116 lively
881 3031 1065 3095 1100101001
1091 3053 1112 3093 α
1138 3030 1292 3094 velenczei
1317 3029 1394 3113 (1090
1420 3026 1530 3090 civiter·

789 3141 914 3223 jesztett
928 3137 1126 3222 pontozetoi.
1623 3127 1624 3136 ³

398 3325 675 3395 noooouxn.
692 3329 743 3394 00
760 3278 1135 3414 xxvruseuuanj.

505 3435 659 3520 Capitula
676 3445 754 3503 sunt
769 3438 838 3520 heo,
854 3438 1005 3504 videlicet
1020 3430 1247 3522 porrecta‘per
1264 3439 1531 3508 Ambassetlores
1622 3431 1624 3482 j

398 3542 602 3608 Serenissimi
618 3544 719 3629 Regis
735 3546 883 3611 Bossine.
1621 3553 1624 3632 f

503 3649 716 3718 Serenissimo
734 3650 905 3737 Principe!
932 3655 975 3718 ΕΙ
993 3651 1111 3737 Signor
1127 3653 1177 3718 Re
1203 3654 1242 3718 de
1259 3654 1400 3720 Bossina
1428 3677 1528 3738 supp:
1622 3687 1624 3722 f

395 3757 526 3823 1100010
553 3757 783 3825 Illustriseima
809 3760 962 3844 Signoria
988 3761 1113 3829 Vestra
1139 3762 1421 3828 commemorando
1447 3783 1530 3828 saxa
1611 3767 1624 3822 ·}

394 3886 454 3930 sua
471 3886 558 3931 esser
575 3868 667 3932 stada
683 3889 810 3951 sempre
835 3869 870 3932 in
896 3869 1019 3952 grande
1045 3869 1189 3934 amicitia
1216 3889 1288 3933 eum
1313 3869 1347 3932 10
1372 3866 1530 3952 Signcris
1621 3893 1624 3960 Δζ

394 3973 518 4042 Vestra
549 3982 582 4040 et
617 3997 714 4041 senza
748 3976 870 4060 alguna
902 3976 1094 4058 differentia,
1120 3977 1236 4043 adesso
1269 3982 1452 4042 constretto
1485 3977 1529 4042 da

393 4081 515 4162 grande
530 4083 675 4166 periculo
693 4088 725 4147 et
741 4082 880 4166 desegno
897 4085 927 4150 el
943 4084 1051 4150 Tusco
1067 4085 1101 4150 fa
1117 4092 1234 4150 contra
1250 4084 1290 4148 de
1306 4084 1362 4165 lui,
1388 4105 1451 4148 con
1475 4084 1529 4148 de·
1622 4101 1624 4172 ἢ

392 4186 567 4252 liberation
593 4189 632 4253 de
658 4210 796 4272 occupar
822 4191 851 4255 el
877 4211 936 4256 suo
964 4213 1075 4276 regno,
1092 4189 1309 4256 dechiarando
1325 4191 1374 4255 101
1391 4211 1527 4274 occupa·

393 4295 463 4359 tion
488 4316 573 4359 esser
605 4304 836 4362 summamente
869 4304 983 4364 contra
1009 4296 1039 4364 el
1065 4299 1160 4364 stade
1185 4304 1305 4363 vostro.
1331 4297 1378 4362 nt
1408 4305 1526 4380 questo
1623 4351 1624 4354 η

393 4399 491 4464 creda
506 4402 539 4466 10
556 4399 709 4484 Signoria
724 4403 848 4472 Vestra
866 4411 1071 4475 certamente.
1088 4406 1133 4472 nl
1150 4403 1282 4471 Turcho
1299 4406 1398 4471 hever
1415 4403 1526 4471 uxado
1622 4417 1624 4502 ὲ

394 4528 454 4572 000
480 4508 512 4578 10
538 4530 596 4572 000
614 4509 717 4574 tocha
734 4515 867 4595 propria
884 4515 916 4578 in
934 4521 1052 4596 questa
1068 4515 1172 4580 forma
1189 4535 1249 4579 con
1266 4535 1329 4577 uno
1356 4533 1413 4576 suo
1440 4510 1525 4578 Oen·
1619 4599 1624 4626 1
