3256 5304
127 954 225 1018 1463.
237 953 266 1018 A
284 954 435 1017 nelcnczcc'
452 955 672 1020 ‹illnrntnndcs
689 955 884 1041 t'ccborszdp
897 957 1054 1041 lrirailyu‘t,
1065 955 1255 1040 nfrnnczin

97 1115 100 1120 ,
125 1061 311 1148 lcirnlynab
328 1087 348 1125 a
366 1063 456 1126 tbrblc
473 1063 568 1126 ellani
594 1065 764 1128 lcc'srtilc'adt
783 1065 902 1148 jelentb'
919 1065 1063 1127 lecclc'rdl
1084 1065 1253 1148 riidostrja,

340 1170 576 1255 epyszcrsmind
593 1171 875 1236 lbzrcnrr'tlc'o’dc'src
883 1171 1040 1256 fb'lbinjo.

125 1383 420 1450 MOOOOLXHI.
437 1387 489 1452 die
505 1385 621 1453 XVII.
648 1387 773 1470 Martij.

234 1491 448 1558 Serenissim‘o
464 1495 607 1560 Domino
625 1496 709 1579 Regi
725 1495 892 1559 Bohernie.

125 1600 299 1684 sapientes
319 1599 500 1686 OOIlSffllssl
599 1621 781 1703 Regressus
807 1644 846 1683 cx
873 1619 985 1684 Gallia
1012 1619 1066 1702 Sp.
1093 1642 1190 1701 eques
1208 1621 1248 1682 D.
1338 1657 1343 1662 -

125 1734 286 1810 *ὴὲ-
328 1715 350 1774 l·
373 1711 393 1774 f·
483 1802 499 1808 ‚
554 1730 718 1794 Antonius
746 1729 786 1792 de
814 1726 1041 1810 Grationopoli
1066 1728 1250 1811 Majestatis

125 1833 246 1899 Vestro
271 1835 423 1918 Legatus,
451 1837 577 1902 litteras
604 1838 807 1903 Serenissimi
835 1838 873 1902 D.
900 1837 1129 1901 Francborum
1154 1834 1256 1915 Regis

123 1942 219 2006 nobis
236 1942 363 2022 detulit,
392 1945 508 2025 quibus
525 1947 744 2009 intelleximus
761 1945 1026 2009 ardentissimum
1053 1949 1083 2008 et
1110 1943 1256 2007 christia-

123 2073 202 2115 num
223 2051 293 2133 ejus
318 2049 513 2117 desiderium
540 2075 604 2116 una
630 2075 702 2116 cum
729 2053 835 2134 Regia
857 2051 1041 2116 Serenitate
1068 2051 1190 2116 Vestra
1215 2071 1254 2112 ac

124 2157 347 2224 Serenissimis
364 2161 510 2244 Regibus
528 2163 699 2243 Hungaric
717 2167 749 2229 et
767 2161 911 2242 Polonie,
938 2161 1095 2240 Duccqne
1113 2157 1254 2222 Bavarie

122 2267 320 2349 procedendi
335 2271 487 2332 terrestri
512 2292 619 2348 manu,
639 2269 681 2334 ad
706 2269 935 2332 exterminium
962 2268 1117 2331 senissimi
1150 2264 1254 2328 crucis

123 2373 237 2456 hostis,
263 2397 361 2458 quam
386 2398 456 2440 rem
480 2378 627 2458 profecto
654 2377 877 2458 gratissimam
909 2397 946 2438 ac
973 2373 1253 2457 jucundissimam,

123 2481 312 2566 ultraquam
346 2504 512 2566 possemus
538 2485 724 2568 exprimere,
751 2483 943 2561 habuimus;
969 2483 1088 2563 quippe
1114 2480 1169 2562 qui
1195 2499 1254 2560 pro

123 2589 231 2670 gloria
247 2588 373 2654 Summi
391 2589 556 2655 Creatoris
572 2593 684 2672 nostri,
700 2611 824 2673 proque
840 2590 961 2654 honore
979 2589 1153 2652 christiane
1180 2585 1254 2650 reli-

124 2697 232 2779 gionis
249 2697 331 2762 nihil
347 2697 450 2780 magis
468 2700 622 2780 cupimus,
644 2697 791 2780 nihilque
808 2699 911 2778 magis
939 2697 1156 2762 necessarium
1183 2715 1251 2758 esse
1326 2770 1328 2776 Α

123 2806 359 2886 cognoscimus,
378 2827 474 2887 quam
494 2807 580 2870 hunc
601 2807 841 2871 atrocissimum
857 2812 1097 2889 persecutorem
1115 2802 1251 2866 nominis

103 2900 297 2978 'christiani
314 2915 498 2996 propulsari
525 2937 629 2996 posse.
657 2913 726 2978 Nos
752 2937 826 2977 vero
853 2912 1064 2979 Serenissiine
1083 2911 1250 2990 Princeps,

126 3021 286 3104 majorum
302 3027 486 3086 nostrornm
507 3025 642 3103 vestigia
661 3023 782 3086 imitari
800 3022 952 3101 volentes,
980 3023 1065 3084 sicut
1082 3017 1252 3082 novissime
1298 3005 1302 3014 ’

123 3131 313 3210 scripsimus
331 3131 600 3195 christianissimo
618 3129 844 3195 Franchorurn
864 3130 958 3210 Regi,
985 3131 1033 3192 ita
1053 3125 1151 3190 ethis
1176 3145 1249 3188 nos-

122 3238 181 3302 tris
199 3237 371 3320 Majestati
388 3237 509 3303 Vestro
526 3239 709 3321 significare
729 3239 935 3316 instituimus
961 3258 1018 3300 nos
1044 3236 1178 3317 inquam
1195 3253 1250 3314 pa*

122 3350 221 3424 ratos
239 3365 278 3408 ac
294 3351 462 3427 promptos
478 3367 555 3425 esse,
583 3345 747 3427 dispositis
774 3347 878 3424 rebuS,
904 3343 1162 3425 exercitibusque
1187 3345 1251 3406 ter·

122 3450 283 3517 rostribus
301 3473 360 3533 per
377 3450 595 3516 Serenitatem
612 3451 779 3531 Vestram,
805 3474 926 3535 perque
951 3449 1251 3516 Excellentissimos

123 3559 302 3641 Princepes
334 3565 513 3640 anteactos,
540 3566 653 3624 contra
679 3559 837 3642 pertidum
868 3561 1002 3639 hostem,
1030 3579 1102 3620 cnm
1127 3557 1254 3638 potenti

123 3667 225 3732 classe
252 3674 366 3731 nostra
391 3667 474 3732 nihil
500 3669 630 3732 omnino
657 3671 816 3748 omittere,
843 3667 930 3748 quod
947 3668 981 3730 in
1001 3668 1070 3749 ejus
1091 3664 1253 3728 excidium

123 3774 192 3840 fieri
223 3775 338 3856 possit,
363 3775 574 3856 quamobrem
600 3775 806 3840 vehementer
832 3775 1009 3853 hortamur,
1035 3795 1073 3836 ac
1099 3771 1249 3854 precibus

123 3881 239 3963 quibus
256 3902 427 3962 possumus
444 3881 656 3964 Majestatem
672 3879 827 3950 Vestram
848 3904 887 3946 ex
912 3881 1007 3946 corde
1033 3900 1196 3960 rogamus
1212 3883 1248 3940 ut

124 3989 255 4053 festinet
275 3988 428 4070 perficere
453 3990 576 4073 piissim
591 4014 631 4052 .1n
656 4013 735 4072 opus
762 3992 936 4072 inceptum,
962 3995 1005 4080 ut
1021 3988 1092 4069 jam
1118 3985 1253 4052 tandem

125 4104 238 4160 sancta
255 4096 316 4158 hcc
333 4097 494 4178 expeditio
511 4098 669 4162 celebrari
696 4099 806 4179 possit.
826 4098 960 4160 lnterea
977 4115 1050 4158 vero
1077 4093 1249 4157 laudamus

125 4204 373 4285 quammaxime,
398 4211 434 4267 ut
462 4204 500 4271 V.
526 4204 716 4270 Sublimitas
749 4226 807 4287 per
832 4205 994 4285 Legatum
1021 4222 1113 4264 snum
1142 4220 1254 4281 qnam·

126 4313 261 4392 primum
287 4314 484 4378 mittendum
510 4315 553 4378 ad
579 4312 826 4378 Serenissimum
852 4312 1023 4394 Hungarie
1050 4311 1175 4393 Regem
1203 4330 1255 4372 ex-

127 4419 246 4484 hortari
259 4442 332 4485 eum
348 4421 434 4499 velit,
444 4428 481 4486 ut
497 4445 615 4506 niagno
632 4429 663 4486 et
681 4423 759 4487 lorti
774 4422 881 4486 animo
893 4441 934 4501 se,
943 4440 1144 4501 regnumque
1156 4439 1257 4497 suum¹

127 4527 206 4591 tueri
223 4529 366 4608 studeat,
384 4551 443 4610 pro
461 4552 525 4611 qua
543 4531 611 4593 solu
639 4551 747 4610 causa,
773 4551 831 4594 nos
857 4550 986 4610 qumque
1013 4527 1252 4609 quamprimum
