3256 5304
721 372 954 420 umuousczrsr
970 357 1139 419 suessan.

901 590 972 649 119.

372 753 465 814 1462.
483 749 513 813 A
530 751 680 814 veleacaei
697 751 915 814 dilamtondcs
931 748 1062 811 odiosae
1089 769 1111 808 o
1135 743 1276 829 bosoydb
1303 741 1416 825 kirrily
1441 739 1498 802 1οό-

1615 657 1617 698 l

1615 701 1617 728 l

1615 805 1617 826 r

369 858 521 936 oeteioelc,
547 857 685 942 molybas
712 857 845 922 ezelenele
870 880 908 919 az
924 856 1040 919 Isrvan
1065 850 1242 938 berechpel
1268 850 1300 912 e's
1321 873 1342 912 o
1358 867 1501 931 stuppar-
1615 839 1617 862 ³

369 965 551 1050 birdlylyol
564 965 720 1029 tortoodo'
736 965 918 1050 appetierat
934 963 1076 1047 ujdnlju,
1101 963 1182 1046 bogy
1198 983 1219 1022 o
1235 957 1326 1022 ababli
1344 955 1424 1020 clleo
1441 957 1501 1016 ba·
1615 995 1617 1036 7

369 1071 579 1157 tdlyosabbon
596 1072 871 1148 mllkbdbeaeeoek,
888 1073 968 1134 mire
984 1071 1076 1134 ne'am
1092 1067 1196 1134 tudtal
1214 1065 1299 1150 adju
1315 1089 1337 1128 a
1345 1060 1499 1148 papauer
1614 1067 1617 1136 j

370 1189 423 1243 teu
448 1180 601 1264 le'pe'aeket
613 1205 626 1260 ,·
651 1205 672 1243 o
698 1181 847 1244 tiirdkbo'a
868 1179 1030 1242 baldrado
1047 1175 1239 1260 lovetse'prdl
1255 1169 1399 1237 labcsae'li
1415 1169 1500 1246 bloet,
1613 1199 1617 1248 4

402 1289 434 1350 e's
451 1289 542 1372 adpre
559 1312 579 1350 o
597 1288 807 1374 bbztdrsoedp
824 1288 976 1351 terblete'o
993 1287 1132 1372 cupedetl
1149 1277 1462 1368 zeoldosfoqaddsro'l

838 1396 959 1460 artesiti
974 1395 1030 1458 stb.

370 1586 642 1654 MCOCOLXII.
659 1591 710 1655 die
727 1589 905 1656 XXVIII.
919 1590 1103 1672 Februarij.

479 1695 576 1780 Quod
593 1697 788 1764 Oratoribus
805 1695 1012 1762 Sereuissimi
1038 1697 1140 1779 Regis
1168 1693 1316 1771 Bossine,
1348 1691 1404 1773 qui
1429 1711 1498 1754 ore-

272 1796 276 1800 *
371 1810 467 1871 tenus
482 1813 514 1869 et
531 1805 565 1868 in
582 1805 711 1888 scriptis
732 1806 975 1890 explicaverunt
992 1826 1040 1886 ea,
1057 1826 1119 1886 que
1144 1802 1220 1866 huic
1245 1798 1394 1865 Oonsilio
1420 1801 1499 1863 nota

370 1918 453 1991 sunt,
469 1912 721 2002 respondeatur:

372 2017 544 2102 Sapientes
562 2019 699 2104 COHSffil
713 2027 752 2133 etp
846 2037 943 2121 Quod
974 2037 1202 2114 intelleximus,
1239 2040 1400 2116 quantum
1434 2031 1499 2113 ipsi

463 2150 479 2185 ’
571 2132 595 2192 l·
618 2127 638 2190 f·
750 2139 753 2232 l
802 2145 857 2228 Sp.
884 2144 1043 2211 Oratores
1077 2143 1171 2210 nobis
1195 2142 1370 2227 prudenter
1401 2161 1499 2222 expo-

291 2270 293 2275 ·
371 2259 505 2317 suerunt
536 2261 632 2336 parte
658 2253 863 2320 Serenissimi
888 2251 1021 2335 Domini
1049 2252 1106 2334 sui,
1132 2254 1183 2315 cui
1214 2250 1335 2315 multas
1368 2248 1497 2331 gratias

371 2357 527 2424 habemus
543 2383 602 2444 pro
622 2362 911 2426 communicatione
928 2360 1096 2426 nobiscum
1122 2360 1219 2439 sacta,
1236 2363 1269 2421 et
1294 2377 1354 2440 pro
1380 2375 1501 2436 magua
1616 2349 1617 2352 '

372 2464 541 2531 affectione
558 2475 590 2532 et
607 2489 727 2552 amore,
745 2490 841 2551 quem
858 2467 919 2533 sibi
940 2489 1051 2550 gerere
1077 2467 1221 2532 videmus
1246 2470 1359 2528 nostro
1385 2460 1500 2526 Domi-

371 2573 434 2650 nio,
451 2594 573 2654 nosque
590 2576 800 2658 Majestatem
818 2574 920 2642 Suam
936 2583 1058 2640 certam
1074 2595 1143 2638 esse
1157 2573 1313 2655 volumus
1324 2569 1410 2654 quod
1427 2590 1500 2633 eam

371 2676 493 2743 sineere
510 2681 683 2764 diligimus,
700 2683 873 2766 cupidique
891 2704 1000 2747 sumus
1017 2683 1079 2747 sibi
1097 2682 1132 2745 in
1148 2681 1272 2745 cunctis
1289 2676 1500 2762 possibilibus
1616 2703 1617 2706 ¹

370 2786 578 2871 complacere,
595 2789 735 2872 licetque
751 2811 820 2855 esse
837 2791 1004 2854 videamur
1021 2791 1055 2854 in
1071 2811 1151 2874 pace
1168 2811 1240 2854 cum
1256 2787 1364 2854 Turco
1376 2810 1382 2864 ;
1394 2789 1500 2850 atten-

371 2897 413 2962 tis
432 2904 541 2962 tamen
558 2896 795 2964 conditionibus
811 2903 844 2961 et
862 2896 997 2980 perfidis
1023 2898 1126 2962 modis
1152 2897 1228 2978 suis3
1254 2893 1441 2978 paravimus
1466 2897 1501 2955 et
1616 2941 1617 2946 1

370 3026 526 3086 paramus
546 3006 697 3070 continue
713 3007 975 3088 potentissimam
991 3006 1128 3070 classem
1152 3011 1301 3070 nostram
1326 3023 1401 3067 cum
1426 3019 1499 3083 gra-

370 3111 506 3176 vissimis
538 3113 658 3176 nostris
689 3113 851 3196 impensis,
884 3119 919 3176 ut
950 3114 1110 3196 possimus
1145 3114 1254 3196 pravis
1287 3108 1500 3193 conceptibus

371 3216 514 3300 ejusdem
531 3218 736 3302 Tu1·cl1i,pro
754 3227 876 3303 quanto
894 3242 1020 3303 semper
1045 3227 1239 3304 poteramus,
1256 3221 1396 3301 obviare,
1422 3238 1500 3299 quo·

370 3324 475 3404 mode,
493 3326 533 3390 de
549 3348 586 3390 eo
604 3350 667 3392 non
684 3335 733 3393 est
749 3336 861 3394 nostro
876 3330 999 3412 judicio
1017 3329 1249 3394 confidendum.

478 3434 523 3498 Et
539 3439 588 3500 ita
604 3437 704 3501 etiam
720 3439 890 3520 loquentes
908 3437 1004 3502 solita
1021 3438 1210 3504 sinceritate
1225 3459 1298 3502 cum
1313 3440 1385 3520 ipso
1403 3435 1495 3502 Sere-

373 3539 504 3606 nissimo
521 3543 622 3626 Rege,
638 3545 809 3610 hortamur
826 3567 899 3609 eum
915 3546 958 3610 ad
977 3546 1212 3628 providendum
1227 3547 1435 3628 magnanime
1451 3565 1498 3607 re·

369 3645 429 3711 bus
445 3650 520 3730 suis,
536 3653 620 3716 sicut
636 3653 832 3718 catholicum
848 3655 1028 3737 prinoipem
1044 3653 1145 3719 decet.
1163 3643 1355 3719 Laudamus
1372 3672 1497 3734 quoque

370 3754 546 3837 plurimum
577 3758 620 3822 ad
645 3761 726 3825 bene
751 3759 998 3846 intelligendum
1024 3768 1056 3825 et
1078 3763 1257 3845 uniendum
1282 3783 1315 3826 se
1348 3783 1422 3825 cmn
1446 3759 1497 3824 [ll.

369 3862 411 3928 D.
427 3861 519 3930 Duce
537 3865 679 3948 Stefano,
696 3874 729 3932 et
746 3890 818 3932 cum
835 3868 909 3951 alijs
926 3869 1076 3934 Dominis
1092 3869 1223 3934 illarum
1238 3871 1391 3953 partium,
1414 3869 1498 3934 utin

370 3993 495 4036 omnem
511 3997 621 4039 casum
639 3981 752 4040 contra
769 3975 897 4041 hostem
914 3979 1038 4042 cunctis
1055 3979 1178 4044 viribus
1196 4000 1229 4042 se
1249 3979 1335 4043 sueri
1361 3981 1504 4061 possint,

368 4078 411 4144 Id
435 4081 541 4162 ipsum
569 4085 677 4164 etiam,
708 4091 744 4146 ut
775 4083 884 4166 faciat,
915 4087 1148 4166 persuademus
1181 4108 1254 4150 oum
1285 4085 1498 4152 serenissimo
1600 4083 1616 4132 J

369 4187 460 4267 Rege
477 4187 658 4270 Hungarie,
675 4197 711 4252 ut
727 4192 903 4272 potentiori
919 4213 1018 4255 manu
1035 4193 1163 4256 hostem
1180 4192 1342 4258 offendere
1359 4197 1496 4275 possint,

368 4316 444 4358 nam
476 4301 507 4359 et
539 4318 597 4361 nos
624 4305 747 4362 certam
780 4299 915 4364 facimus
946 4299 1157 4383 Majestatem
1191 4299 1302 4382 Suam,
1328 4302 1417 4384 quod
1441 4325 1498 4385 per

370 4401 545 4467 Oratorem
588 4411 736 4470 nostrum
784 4408 872 4490 apud
905 4406 936 4470 S.
969 4407 1163 4472 Pontificem
1210 4409 1323 4473 damus
1355 4431 1496 4493 operam,

369 4507 456 4599 quod
487 4511 597 4584 mittat
631 4513 717 4581 illico
749 4514 893 4606 Legatos
925 4517 1065 4591 alterum
1096 4517 1130 4580 in
1163 4515 1384 4597 Germaniam,
1420 4518 1496 4582 alte-
