3314 5300
374 395 437 456 368
727 408 961 455 nrrnouaczmr
978 397 1143 455 ausurus.

372 575 478 634 torem
504 575 650 634 nostrum
676 591 740 634 non
766 569 936 634 videbatur
960 570 1062 651 nobie,
1098 577 1130 634 et
1153 571 1317 654 hujusmet
1342 568 1500 633 sententie

374 699 444 742 esse
470 676 661 742 tenebamus
686 675 846 758 prefatam
871 676 1011 758 Regiam
1032 675 1253 768 Majestatem.
1286 675 1430 759 Ideoque
1444 695 1501 738 no-

374 781 497 848 tificare
523 788 651 867 poterat
665 783 896 863 Flambulario,
923 784 978 865 qui
1005 784 1066 846 sihi
1092 786 1262 848 materiam
1287 784 1383 867 hujus
1409 782 1502 865 pacis

378 893 622 956 commemorari
638 890 769 970 fecerat,
798 891 886 973 quod
902 890 941 955 de
958 892 1019 955 hac
1034 893 1214 957 intentione
1230 897 1342 956 nostra
1358 888 1502 954 Domino

376 1019 434 1062 suo
459 999 612 1062 noticiam
638 998 716 1062 dare
733 1004 872 1080 poterat,
898 999 1040 1081 dareque
1057 1021 1197 1082 operam,
1214 997 1300 1082 quod
1316 998 1504 1062 mitteretur

377 1104 499 1171 Orator
523 1105 626 1186 ipsius
652 1105 751 1169 Turci
776 1103 968 1186 Ragusium,
995 1107 1045 1169 vel
1070 1106 1112 1170 ad
1129 1107 1228 1170 alium
1244 1105 1350 1171 locum
1366 1103 1413 1168 ibi
1428 1125 1504 1186 pro·

374 1213 496 1276 ximum
522 1233 593 1276 cum
618 1212 713 1294 pleno
739 1211 908 1292 mandato;
933 1219 966 1277 et
991 1213 1031 1277 de
1058 1213 1292 1278 deliberatione
1309 1219 1339 1276 et
1357 1217 1506 1294 tempore

376 1319 537 1384 missionis
555 1326 586 1384 et
602 1326 659 1383 ect.
693 1317 745 1382 De
763 1318 879 1401 quibus
895 1320 1043 1385 omnibus
1060 1323 1204 1385 contenti
1223 1342 1340 1399 sumus,
1366 1325 1400 1382 et
1416 1319 1506 1382 volu-

376 1447 455 1505 mus
482 1426 569 1508 quod
595 1428 628 1491 in
650 1449 689 1491 ea
703 1427 790 1492 bona
806 1432 838 1490 et
854 1427 1063 1493 accomodata
1079 1428 1183 1493 forma
1198 1427 1378 1506 verborum,
1406 1447 1507 1507 quam

378 1535 480 1612 magis
496 1533 606 1598 utilem
624 1556 694 1599 esse
711 1533 873 1614 noveritis,
890 1532 1068 1600 Serenitati
1086 1534 1151 1601 Sue
1168 1535 1319 1600 noticiam
1336 1531 1427 1597 detis:

486 1638 579 1706 Sicut
596 1663 615 1704 a
630 1641 779 1706 Romano
796 1642 961 1706 Pontefice
978 1665 1081 1726 nuper
1097 1643 1287 1726 accepimus,
1312 1641 1507 1707 intentionis

381 1746 446 1814 Sue
462 1754 553 1831 esset,
578 1747 664 1831 quod
680 1749 771 1813 nulla
788 1772 853 1832 pax
868 1749 960 1814 fieret
977 1772 1049 1814 cum
1065 1750 1182 1831 Turco,
1209 1749 1265 1814 sed
1281 1749 1368 1832 quod
1383 1748 1507 1813 bellum

377 1877 448 1920 cum
474 1877 511 1920 eo
537 1856 718 1920 continuari
744 1855 887 1937 deberet,
913 1858 998 1920 circa
1023 1879 1120 1939 quam
1137 1879 1206 1921 rem
1223 1857 1319 1920 etiam
1337 1857 1507 1939 scripsisse

378 1964 495 2027 asserit
519 1963 561 2026 ad
577 1963 714 2044 Regiam
730 1962 943 2046 Majestatem
961 1963 1141 2046 Hungarie,
1166 1970 1203 2028 ut
1228 1963 1290 2028 sibi
1315 1985 1383 2027 rem
1408 1964 1507 2026 istam

376 2069 556 2152 prohibeat.
574 2067 606 2132 N
610 2091 644 2133 os
661 2075 778 2150 autem,
795 2071 906 2151 quiex
923 2072 1116 2153 neceesarijs
1135 2072 1239 2134 causis
1257 2076 1289 2133 et
1303 2069 1507 2152 respectibus

376 2178 467 2243 vobis
493 2177 595 2258 nobis,
622 2179 654 2241 in
680 2180 849 2261 proposito
874 2186 989 2244 nostro
1015 2178 1161 2243 habende
1187 2180 1286 2260 pacis,
1313 2180 1339 2241 si
1364 2179 1412 2241 ita
1436 2196 1506 2241 esse

379 2287 491 2368 possit,
515 2287 739 2369 persistimus:
766 2287 910 2351 volumus
928 2291 961 2350 et
977 2286 1168 2351 mandamus
1184 2287 1285 2369 vobis,
1302 2285 1389 2368 quod
1405 2287 1432 2348 si
1448 2305 1508 2368 per

379 2391 626 2458 Serenissimum
636 2393 772 2476 Regem,
789 2415 846 2458 seu
858 2416 916 2476 per
933 2395 1076 2476 aliquem
1092 2416 1131 2460 ex
1148 2395 1223 2474 suis,
1240 2394 1401 2458 diceretur
1417 2391 1508 2456 vobis

378 2501 552 2583 quicquam
568 2501 608 2566 de
624 2503 689 2565 ista
704 2503 850 2582 materia,
863 2501 1054 2584 justificetis
1072 2508 1109 2582 et¹
1119 2501 1296 2567 honestetis
1313 2522 1384 2565 cum
1400 2497 1509 2564 verbis

379 2614 412 2670 et
427 2609 609 2674 rationibus
626 2611 659 2673 in
675 2609 886 2673 instructione
903 2617 1027 2676 vestras
1044 2612 1213 2690 contentis,
1230 2616 1349 2674 etcum
1366 2609 1406 2673 de
1422 2607 1521 2694 alijs,

381 2735 444 2796 que
467 2736 526 2797 pro
551 2722 658 2781 vestra
684 2716 856 2799 prudentia
873 2719 1027 2782 noveritis
1043 2718 1121 2784 huic
1136 2721 1183 2784 rei
1200 2719 1306 2801 magis
1321 2737 1417 2800 posse
1434 2707 1526 2779 cons

380 2821 482 2902 ferre,
507 2827 540 2886 et
564 2824 731 2905 signanter
757 2845 829 2887 cum
845 2825 1058 2908 expeditione,
1084 2848 1182 2908 quam
1198 2826 1283 2890 sicut
1298 2823 1510 2907 prediximus,

378 2930 447 3014 jam
474 2927 620 2995 dedimus
647 2931 781 2998 Oratori
805 2932 939 2997 Domini
954 2931 1094 3016 Despoti
1120 2932 1159 2996 de
1177 2931 1298 2998 Sancta
1314 2930 1445 3012 Maura,
1472 2952 1511 2995 ex

382 3055 541 3100 consensu
557 3037 742 3121 Majestatis
760 3036 833 3104 Sue.

488 3139 540 3206 De
567 3151 690 3226 quanto
717 3152 824 3211 autem
850 3146 1011 3212 habebitis
1036 3149 1123 3213 circa
1155 3149 1320 3232 premissa,
1362 3147 1511 3211 curiosus

385 3247 484 3328 eritis,
511 3248 616 3315 literis
632 3252 747 3316 vestris
763 3273 822 3318 nos
838 3255 993 3319 certiores
1011 3254 1147 3320 efficere.

493 3355 994 3437 ÷92-1e-11.

487 3516 643 3579 (Velenezei
656 3517 837 3583 allamkdnyv
853 3524 913 3570 122.
926 3522 956 3583 l.)
997 3487 998 3493 ¹
