3292 5310
389 371 430 433 56
745 385 978 431 uranonnczrm
994 370 1162 430 suranna.

387 547 470 612 licus
481 547 638 629 Princeps
649 546 775 610 cunctis
786 546 855 629 ejus
866 544 982 610 studiis
995 549 1027 609 et
1038 543 1158 610 viribus
1168 543 1351 610 incumbere
1363 541 1518 608 statuerit

387 655 422 720 in
446 655 602 720 honorem
617 652 691 736 Dei,
717 653 856 720 salutem
883 659 916 718 et
941 649 1142 718 commodum
1167 654 1260 736 regni
1285 652 1335 716 sui
1360 672 1399 717 ac
1418 652 1519 714 nomi-

387 763 437 828 nis
454 761 645 842 Christiani,
671 760 970 844 persvademusquc
995 759 1098 842 nobis,
1124 781 1163 826 ac
1187 761 1221 824 in
1245 760 1355 826 divina
1369 759 1519 826 bonitate

388 870 552 937 fidendum
567 876 632 936 est:
659 868 745 952 quod
761 870 844 934 sicut
860 869 1019 952 Majestas
1037 866 1106 934 Sua
1122 869 1246 933 sincero
1268 866 1366 934 corde
1392 887 1431 931 ac
1446 888 1518 949 per-

388 977 474 1044 fecta
489 983 597 1044 manta
621 977 656 1041 in
681 975 779 1042 rebus
795 975 866 1042 istis
891 976 1016 1041 intanta
1041 981 1100 1058 est,
1115 976 1164 1040 ita
1189 973 1278 1039 Deus
1303 975 1372 1058 ipse
1397 979 1518 1052 noster,

388 1087 479 1170 cujus
495 1092 576 1151 nutu
591 1090 708 1150 cuncta
723 1083 912 1168 procedunt,
930 1081 1147 1148 Serenitatem
1160 1081 1260 1149 Suam
1271 1082 1305 1146 in
1315 1081 1385 1166 ejus
1397 1081 1519 1164 optima

387 1193 599 1278 dispositione
624 1192 853 1275 prosperisque
871 1190 1072 1256 successibus
1099 1189 1273 1256 felicitabit
1298 1210 1371 1254 cum
1387 1188 1518 1254 immor·

387 1303 447 1368 tali
463 1301 569 1385 gloria
593 1306 626 1365 et
650 1299 747 1366 laude
764 1297 978 1365 Oelsitudinis
995 1297 1071 1364 Sue.
1098 1298 1146 1364 nt
1171 1303 1330 1380 quantum
1356 1296 1516 1364 Oratores

387 1410 449 1494 ipsi
484 1409 655 1492 petierunt,
679 1408 765 1491 quod
789 1411 903 1472 contra
934 1407 1020 1471 huno
1044 1427 1244 1473 communem
1269 1406 1397 1472 hostem
1422 1428 1515 1486 arma

387 1537 593 1596 summamus,
617 1536 672 1580 seu
696 1514 841 1598 presidia
866 1520 979 1580 nostra
995 1514 1229 1597 impendamus,
1245 1515 1513 1599 Respondemus:

387 1624 485 1708 Quod
501 1625 724 1690 existimamus
740 1645 804 1688 non
821 1645 901 1706 opus
918 1644 988 1688 esso
1004 1624 1101 1688 aliter
1113 1645 1298 1690 recensere:
1315 1623 1422 1708 qualis
1435 1646 1517 1690 sem·

386 1753 444 1815 per
459 1732 558 1797 fuerit
573 1732 733 1816 majorum
749 1738 933 1797 nostrornm
949 1752 987 1796 ac
1003 1731 1097 1796 firma
1112 1737 1225 1798 nostra
1250 1734 1420 1815 sententia,
1438 1754 1517 1815 quo·

386 1842 481 1904 modo
497 1838 607 1904 multis
623 1855 729 1904 rerum
744 1839 975 1924 preteritarum
991 1840 1228 1923 experimentis,
1253 1861 1318 1906 non
1344 1846 1420 1905 sunt
1446 1841 1518 1910 obs-

387 1968 465 2012 cura
480 1947 694 2012 memoranda
704 1952 796 2028 gesta
812 1933 1007 2027 nostrorum,
1017 1968 1056 2012 ao
1071 1951 1186 2012 nostra
1195 1952 1311 2014 contra
1328 1947 1515 2014 'lurcorum
1642 2033 1643 2036 Ἴ

386 2054 556 2138 perfidiam
582 2061 615 2119 et
640 2055 672 2118 in
699 2055 759 2120 hoc
775 2055 847 2137 ipso
863 2057 1030 2138 proposito
1047 2077 1132 2119 nunc
1152 2057 1251 2122 etiam
1267 2078 1377 2122 sumus
1392 2063 1426 2121 et
1442 2077 1516 2122 con·
1545 2095 1550 2100 ·
1641 2133 1643 2158 A

386 2163 476 2228 tinue
495 2185 566 2228 esse
587 2161 806 2245 disponimus;
824 2163 929 2228 sciunt
946 2183 1076 2246 quoque
1095 2162 1161 2231 Sue
1185 2163 1226 2230 R.
1243 2164 1280 2230 P.
1307 2171 1340 2229 et
1364 2163 1517 2246 bfaguifi·
1641 2161 1643 2186 “

387 2270 508 2351 cancia,
525 2267 693 2334 Summum
709 2268 900 2334 Pontificem
911 2291 981 2335 esse
997 2272 1040 2336 ad
1056 2270 1190 2336 Dietam
1205 2270 1341 2337 Mantne
1352 2269 1517 2337 celebran-

387 2377 472 2457 dam,
488 2375 530 2442 ad
548 2397 646 2459 quam
662 2376 763 2442 etiam
779 2377 843 2460 ipsi
868 2377 1125 2460 proficiscuntur,
1141 2386 1178 2443 ut
1202 2400 1276 2444 cum
1302 2378 1377 2462 alijs
1403 2386 1516 2462 poten-

385 2485 507 2551 tatibus
523 2486 711 2552 christianis
727 2486 950 2570 disponantur,
968 2509 1156 2571 quecunque
1175 2488 1318 2570 gerenda
1337 2495 1422 2553 sunt.
1444 2487 1477 2553 N
1479 2511 1516 2554 os

385 2612 470 2676 vero,
496 2599 533 2657 ut
558 2613 634 2676 sepa
661 2594 800 2660 diximus
827 2593 1003 2660 Sanctitati
1028 2592 1103 2677 Sue,
1129 2616 1193 2660 non
1218 2616 1329 2660 sumus
1356 2618 1394 2660 ex
1420 2603 1516 2679 parte

385 2705 499 2765 nostra
524 2699 666 2765 defuturi
692 2723 712 2765 a
737 2701 849 2765 debito
881 2707 1003 2782 nostro,
1028 2702 1292 2784 intendimusque
1318 2704 1447 2769 mittere
1472 2704 1516 2769 ad

384 2805 516 2873 Dietam
534 2807 640 2892 ipsam
657 2804 813 2873 Oratores
838 2814 977 2890 nostros,
1002 2831 1061 2874 nec
1087 2809 1205 2874 erimus
1232 2811 1271 2874 de
1295 2810 1429 2891 ultimis
1457 2813 1515 2894 qui

384 2914 489 2981 officio
506 2921 539 2981 et
555 2915 665 2982 debito
681 2923 794 2981 nostro
812 2915 1013 2982 satisfacturi
1029 2937 1147 2980 sumus.

492 3023 1408 3110 QuodverointerImperatoriamMajestatemetipsum
1420 3024 1514 3092 Sare-

383 3131 550 3194 nissimum
560 3130 687 3213 Regem
699 3130 835 3196 suborta
846 3133 912 3197 sint
924 3133 1079 3198 scandala
1089 3139 1121 3197 et
1132 3133 1357 3214 dissensiones,
1368 3155 1433 3217 que
1443 3139 1513 3200 tam

383 3236 424 3300 ab
440 3236 519 3318 ipsis
536 3231 741 3318 Oratoribus,
769 3261 867 3320 quam
884 3241 980 3304 aliter
995 3240 1232 3305 intelleximus:
1255 3241 1350 3307 nobis
1365 3241 1512 3325 profecto

384 3340 535 3424 displicet
550 3340 759 3408 vehementer
774 3349 807 3408 et
823 3345 1010 3430 ultraquam
1026 3369 1196 3431 possumus
1216 3349 1404 3433 exprimere,
1432 3373 1512 3434 quo-

382 3446 479 3514 modo
505 3469 663 3516 summum
679 3450 876 3518 desiderium
891 3451 954 3519 fuit
968 3461 1118 3521 nostrum
1134 3463 1168 3521 ct
1184 3462 1243 3540 est,
1269 3455 1357 3540 quod
1382 3477 1512 3540 preser-

381 3557 440 3621 tim
465 3557 550 3622 inter
574 3557 662 3641 ipsos
689 3559 871 3646 Principes,
896 3565 1032 3629 attentis
1069 3565 1307 3631 conditionibus
1342 3587 1452 3632 rerum
1479 3571 1512 3630 et

382 3666 563 3744 temporum
580 3668 801 3732 occurentium
827 3669 937 3752 vigeat
960 3671 1046 3737 bona
1070 3691 1135 3754 pax
1161 3676 1193 3736 et
1218 3673 1372 3753 amicitia,
1398 3695 1508 3757 spera·

381 3788 517 3852 musque
533 3777 566 3835 et
582 3772 769 3842 confidimus
787 3776 820 3839 in
837 3797 961 3843 summa
987 3779 1149 3862 sapientia
1174 3778 1314 3845 Romani
1339 3780 1510 3847 Pontificis

382 3879 416 3940 et
430 3875 464 3940 in
480 3877 549 3961 ejus
565 3879 658 3946 bonis
675 3883 836 3965 operibus,
863 3907 902 3950 ao
918 3889 1016 3951 etiam
1032 3887 1307 3953 Reverendissimi
1323 3885 1509 3955 Oardinalis

380 3980 493 4050 Sancti
502 3982 625 4070 Angeli
635 3988 761 4072 Legati,
779 3991 865 4073 quod
881 3992 1093 4058 difficultates
1104 3993 1159 4059 ille
1170 3993 1380 4078 aptabuntur,
1398 3995 1509 4062 acfiue

380 4095 494 4173 optato
511 4098 544 4157 et
560 4093 670 4161 debito
687 4105 929 4180 componentur,
949 4105 985 4164 ut
998 4101 1094 4183 juxta
1111 4101 1307 4167 desiderium
1324 4109 1356 4168 et
1371 4104 1509 4187 disposi-

379 4198 500 4262 tionem
524 4199 642 4281 prefati
659 4199 865 4269 Serenissimi
889 4205 999 4286 Regis,
1032 4227 1080 4290 ea,
1105 4229 1169 4291 que
1194 4210 1348 4275 honorem
1373 4210 1448 4292 Dei,
1474 4217 1509 4276 et

381 4304 631 4374 christianitatis
648 4319 851 4394 concernunt,
867 4312 981 4378 melius
997 4313 1186 4399 feliciusque
1202 4318 1317 4400 exequi
1332 4319 1470 4401 possint.

485 4409 543 4478 Ad
558 4423 686 4498 partem
701 4419 864 4503 magnifici
881 4421 1019 4487 Comitis
1035 4421 1196 4506 Stephani
1210 4433 1242 4490 et
1258 4426 1396 4492 aliorum
1413 4428 1508 4512 Mag·

379 4517 547 4586 cificorum
564 4519 703 4587 fratrum
720 4546 867 4593 suorum:
895 4528 1040 4611 dicimus
1058 4531 1145 4614 quod
1162 4539 1260 4618 prout
1276 4555 1335 4620 per
1351 4535 1508 4603 continua
