3268 5308
600 385 694 449 1461.
1149 396 1209 456 117
1335 404 1344 416 '

80 579 194 622 sorum
209 555 330 624 Vestre
348 555 551 626 Sublimitati
576 565 679 628 nostri
705 585 743 628 ex
769 571 864 648 parte
889 566 1003 632 relatis
1029 568 1125 634 fidem
1150 593 1216 636 cre·

78 664 193 730 dentie
223 663 379 730 adhibere
405 666 467 730 hac
483 669 551 732 vioe
568 669 752 751 dignemini.
791 673 915 738 Datum
933 676 967 739 in
983 676 1084 760 Krwy
1100 675 1146 763 (1)
1163 678 1216 742 de·

78 775 167 840 eima
184 775 325 858 septima
343 773 396 840 die
411 777 533 842 mensis
548 776 708 864 Februarj
727 801 812 847 anno
828 780 962 847 Domini
981 786 1076 848 1461.

516 883 671 950 stefanus
687 885 774 953 filius
792 889 868 955 olim
884 890 1029 957 illustris
1047 889 1169 976 Georgj

680 993 789 1060 Servio
806 996 945 1080 Despoti
962 1005 1021 1064 111.

193 1097 409 1164 Serenissimo
426 1097 572 1184 Principi
597 1123 635 1165 11
659 1102 808 1169 Eoeellso
833 1102 975 1172 Domino
992 1107 1133 1172 Domino
1149 1105 1213 1171 Dei

78 1205 193 1288 gratia
208 1206 331 1288 inclyto
347 1203 432 1271 Duoi
449 1205 689 1274 Mediolanensi
707 1214 767 1275 etc.

191 1349 323 1411 (Miranti
337 1351 423 1402 allam
436 1351 512 1413 ltar.)

571 1534 729 1542 -u———-—·--

627 1767 676 1830 75.

8 1905 10 1982 f
82 1929 183 1996 1461.
201 1927 365 1995 Caatrt'ote
379 1925 523 2014 Gyb'rpy,
541 1926 668 2013 Sfortia
685 1928 1214 2014 111111111111611111111111111

368 2037 497 2121 ajdolja
516 2034 628 2100 Istcda
643 2035 775 2118 despota
791 2035 928 2101 ldoeteit.

192 2231 404 2298 Serenissime
430 2233 595 2316 Princeps.
629 2232 796 2298 Premissa
827 2233 1109 2298 recomendatione
1141 2257 1213 2298 cum

8 2329 10 2392 Ῑ
80 2340 280 2421 obsequiosa
296 2340 572 2424 beneplacitorum
589 2341 799 2422 volumptate.
816 2338 921 2404 Nosse
933 2339 1086 2420 dignetur
1094 2338 1215 2408 Vestra

8 2475 10 2498 r
82 2446 263 2528 Serenitas,
289 2448 448 2531 quomodo
473 2447 617 2514 Illustris
643 2446 797 2512 Stefanus
823 2448 998 2530 Despotus,
1023 2447 1110 2513 filius
1136 2451 1212 2515 olim

81 2541 198 2638 inclyti
215 2553 339 2638 Georgi
356 2555 466 2625 Servio
482 2555 620 2639 Despoti
642 2576 701 2638 per
717 2576 808 2620 sevos
825 2560 858 2620 et
873 2554 1029 2621 nefandos
1047 2554 1214 2623 Theuoros

81 2664 123 2728 ob
151 2685 297 2728 amorem.
321 2665 570 2728 christianitatis
598 2663 637 2727 de
653 2663 769 2744 Regno
785 2663 918 2746 proprio
935 2663 1088 2746 expulsus
1114 2666 1167 2729 hic
1182 2666 1216 2728 in

8 2835 10 2868 Ι
80 2777 172 2836 terra
188 2777 301 2836 nostra
318 2773 447 2851 residet,
474 2772 524 2835 oui
537 2771 633 2854 juxta
649 2769 839 2836 facultatem
855 2775 1001 2836 nostram
1018 2770 1165 2836 debonis
1182 2777 1215 2835 et

81 2880 326 2962 posessionibus
342 2881 463 2944 nostris
481 2902 540 2962 pro
556 2879 643 2944 victu
660 2878 805 2962 ejusdem
821 2883 949 2962 partem
965 2878 1129 2962 quandam
1140 2900 1212 2943 con·

81 2987 224 3051 tulimus.
242 2985 442 3070 Quiquidem
459 2985 611 3052 Stefanus
627 2986 793 3069 Despotus
809 2988 842 3050 in
859 2985 1051 3069 quibusdem
1069 2986 1135 3050 suis
1152 2985 1213 3050 Le-

8 3131 10 3174 ,
84 3095 272 3177 gationibus
298 3095 342 3159 ad
357 3091 514 3161 Vestram
531 3092 749 3158 Serenitatem
763 3093 948 3160 transmisit
963 3093 1022 3160 hos
1039 3111 1114 3156 suos
1132 3088 1213 3156 Ora-

8 3245 9 3248 =
83 3210 180 3282 terea,
205 3203 291 3268 unde
316 3201 450 3268 eandem
467 3200 623 3270 Vestram
638 3223 790 3284 rogamus
807 3199 1032 3282 serenitatem,
1058 3204 1215 3283 quatenus

8 3337 10 3346 ¹
84 3309 223 3376 eundem
247 3311 544 3378 recommendatum
568 3309 689 3375 habere
714 3311 890 3392 dignemini
906 3308 1055 3393 precibus
1072 3308 1216 3392 ejusdem

8 4327 18 4814 l

84 3441 180 3484 aures
206 3419 365 3503 benignas
390 3419 601 3504 inclynantes.
626 3417 751 3483 Datum
767 3420 801 3482 in
817 3418 915 3483 Lesio
933 3417 1128 3482 diedecima
1146 3436 1215 3496 sep-

84 3529 164 3594 tima
181 3530 300 3593 mensis
316 3528 476 3611 Februarj
495 3525 594 3592 Anno
611 3525 744 3591 Domini
761 3522 1016 3590 MGGGOLXI.

493 3633 655 3716 Georgius
672 3633 839 3699 Gastriota
856 3633 939 3697 alias
957 3627 1168 3711 Skanderbeg

544 3742 703 3806 Dominus
720 3736 864 3804 Albanie
880 3759 920 3803 11
935 3735 1109 3802 Generalis

494 3848 693 3932 Gapitaneus
709 3848 813 3930 Regie
829 3845 1021 3930 Majestatis
1038 3845 1072 3906 in
1097 3862 1171 3925 par·

724 3956 812 4021 tibus
829 3951 956 4019 Grecie.

196 4064 408 4132 Serenissimo
451 4064 599 4147 Principi
640 4085 678 4128 ac
713 4061 862 4130 Eeoellso
898 4059 1040 4125 Domino
1075 4055 1216 4120 Domino

88 4175 264 4239 1111111111
280 4171 346 4236 Dei
362 4170 481 4238 Gratia
496 4171 619 4254 inclyto
635 4169 721 4238 Duci
737 4168 920 4235 Mediolani
936 4170 997 4232 etc.
1013 4169 1073 4231 ect.

196 4334 321 4397 (Milanbi
342 4333 515 4395 1111111111.)

575 4510 734 4520 m..
