3268 5308
741 381 975 435 bueuonaczml
992 375 1159 432 annisum

928 785 979 850 64.

391 966 488 1032 1461.
522 963 551 1030 A
577 962 732 1028 velenczei
757 963 975 1027 cllamtaauca
1000 963 1193 1028 bato'rozota
1221 959 1359 1049 Spalato
1384 957 1514 1045 pro'sja'-

499 1071 563 1136 auk
580 1071 701 1139 Cliesdt
719 1073 750 1134 6⁸
769 1071 986 1136 Osztrovicsdt
1003 1069 1142 1154 illetdleq
1158 1069 1283 1134 irandd
1297 1069 1406 1133 odlooz

855 1178 1046 1263 tdrpydban.

388 1391 640 1462 MOOOGLXI.
657 1391 709 1458 die
726 1393 841 1476 quinto
857 1353 1062 1458 Novembris

391 1507 418 1569 l·
435 1501 647 1586 8811911811
916 1516 1011 1602 Quod
1036 1518 1199 1584 scribatur
1232 1513 1355 1582 Oomiti
1387 1514 1515 1648 Spaleti

390 1618 419 1678 2.
437 1611 608 1694 Sapientes
625 1607 785 1676 Ordinnm
870 1628 903 1693 jn
920 1628 980 1694 hac
997 1627 1121 1693 forma:

497 1733 668 1800 Credimus
693 1755 750 1800 uos
775 1755 841 1798 non
865 1733 978 1816 latere,
1008 1735 1328 1820 superioritempore
1348 1731 1449 1797 fuisse
1471 1729 1513 1796 ad

389 1843 587 1928 presentiam
604 1842 707 1909 nostri
722 1842 867 1928 Dominij
887 1844 1048 1910 Oratores
1067 1839 1236 1926 Magnifici
1252 1838 1389 1907 Comitis
1405 1839 1516 1904 Banni

390 1949 496 2035 Pauli,
512 1952 599 2016 inter
615 1956 726 2016 cetera
744 1949 912 2032 requirent
914 1972 996 2031 es,u
974 1949 1144 2032 uttprefa
1144 1971 1200 2015 um
1223 1947 1377 2013 Bannum
1403 1944 1517 2010 Domi-

390 2061 478 2124 nium
494 2055 652 2126 Suumtet
668 2057 738 2142 ejus
755 2063 878 2123 statum
893 2057 927 2122 in
942 2057 1146 2140 protectione
1166 2061 1281 2122 nostra
1307 2055 1456 2137 accipere
1482 2059 1515 2118 et

390 2165 510 2232 habere
526 2165 690 2246 vellemus,
706 2165 823 2248 quibus
842 2171 920 2230 tunc
944 2166 1182 2249 respondimus
1207 2163 1295 2247 quod
1319 2161 1382 2228 hoc
1406 2159 1514 2226 facere

390 2295 455 2340 non
485 2280 670 2357 poteramus
697 2274 794 2338 certis
817 2272 916 2356 justis
942 2279 976 2338 et
1002 2272 1149 2338 honestis
1174 2270 1386 2356 respectibus
1413 2267 1473 2334 sed
1488 2268 1516 2332 si

390 2383 477 2446 circa
491 2382 564 2446 loca
579 2377 685 2444 Olisse
702 2385 735 2445 et
752 2379 921 2447 Ostrovize
937 2379 1061 2462 aliquid
1077 2380 1171 2446 nobis
1197 2383 1515 2457 commemoraretur,

391 2487 478 2572 quod
493 2489 624 2570 utrique
640 2494 785 2553 nostrum
800 2487 995 2570 conveniret,
1011 2488 1046 2553 id
1061 2487 1202 2553 libenter
1217 2488 1416 2570 audiremus,
1431 2505 1515 2549 nuuc

391 2600 498 2660 autem
513 2593 604 2660 uobis
621 2594 762 2661 scribere
777 2593 975 2662 instituimus
1001 2617 1073 2661 cum
1099 2593 1245 2663 Consilio
1270 2602 1382 2661 nostro
1408 2595 1517 2679 Roga·

391 2707 498 2768 torum
514 2701 715 2786 mandantes,
741 2704 828 2786 quod
843 2704 910 2771 illis
926 2705 1040 2790 modis,
1057 2705 1113 2790 qui
1129 2705 1172 2772 ad
1188 2703 1432 2772 conducendam
1446 2723 1514 2768 rem

392 2810 481 2877 vobis
513 2808 790 2876 convenientiores
815 2810 1018 2894 videbuntur,
1043 2833 1177 2896 operam
1203 2813 1282 2878 dare
1308 2812 1463 2894 debeatis,
1489 2811 1516 2874 si

391 2916 480 2984 locus
496 2915 602 2984 Olisse
617 2925 674 2985 aut
689 2918 790 2986 libere
806 2926 864 2987 aut
877 2922 997 3005 precio,
1014 2927 1071 2988 aut
1096 2921 1206 3005 aliquo
1223 2919 1466 2988 contracambio
1483 2919 1516 2985 in

392 3025 548 3091 ditionem
565 3027 669 3092 nostri
699 3025 845 3111 Dominij
872 3027 986 3093 haberi
1011 3030 1122 3112 possit,
1147 3029 1240 3094 illum
1263 3027 1440 3113 accipiatis,
1456 3048 1515 3111 pro

393 3153 457 3217 quo
472 3131 656 3216 incipiendo
673 3153 692 3196 a
708 3133 826 3200 minori
851 3134 1037 3217 quantitate
1062 3135 1206 3201 contenti
1232 3156 1375 3201 essemus
1401 3155 1517 3218 expen-

393 3239 468 3306 dere
493 3260 596 3322 usque
622 3237 665 3304 ad
690 3261 847 3306 summam
872 3241 1077 3308 Ducatorum
1102 3241 1190 3310 Vm.
1214 3244 1248 3309 in
1274 3244 1327 3312 VI
1351 3265 1392 3308 m.
1411 3241 1518 3327 Quam

394 3347 573 3430 practicam
589 3347 670 3414 inire
687 3345 816 3413 debeat
792 3354 843 3431 t,1s
859 3355 896 3414 ut
912 3351 1110 3434 prediximus
1123 3351 1180 3418 illo
1191 3352 1447 3434 cautiorimodo,
1464 3353 1519 3433 qui

396 3452 562 3536 possibilis
587 3452 738 3538 fuerit,e
738 3455 817 3522 tde
839 3456 899 3540 his,
924 3479 986 3543 que
1004 3460 1074 3525 det
1060 3465 1205 3544 tempore
1221 3460 1253 3524 in
1268 3467 1396 3545 tempus
1412 3459 1519 3526 facere

394 3570 452 3644 pot
439 3561 554 3644 teritis,
571 3583 630 3628 nos
646 3565 762 3630 vestris
778 3565 897 3631 litteris
914 3567 1093 3632 certiorare
1110 3565 1239 3634 debeat
1215 3574 1267 3633 trs.

501 3665 724 3755 Similiterque
740 3672 903 3739 scribatur
915 3674 1111 3741 Rectoribus
1127 3675 1247 3742 nostrrs
1256 3674 1282 3742 J
1282 3675 1362 3741 adra
1378 3695 1438 3758 pro
1448 3673 1518 3740 loco

396 3773 578 3864 Ostroviza,
595 3777 731 3848 dicendo
747 3788 857 3849 tamen
873 3783 913 3848 de
930 3783 1068 3852 Ducatis
1083 3781 1148 3849 111.
1165 3784 1198 3848 in
1214 3783 1300 3850 ΙΙΠ.

501 3885 552 3952 De
568 3895 664 3972 parte
713 3931 750 3944 -
800 3895 840 3956 61
889 3930 932 3942 --
979 3900 1029 3962 78.

308 4083 312 4090 ’
395 4063 607 4137 serenissime
624 4071 751 4139 Paulus
899 4089 1061 4176 Quoniam
1076 4091 1218 4160 conditio
1234 4093 1378 4159 locorum
1394 4090 1522 4166 Olissia

395 4175 613 4244 Mallfflsseffllfl
631 4177 707 4263 Sap·
717 4185 741 4243 1·
750 4181 771 4244 f·
828 4205 860 4265 et
878 4197 1044 4266 Ostrovize
1069 4201 1172 4266 tutele
1190 4198 1370 4268 civitatum
1387 4206 1421 4266 ct
1436 4201 1522 4266 loco-

397 4268 609 4280 ω.-
617 4272 770 4279 ..-..-...-.

397 4323 468 4367 rum
485 4311 671 4371 nostrorum
681 4303 848 4373 Dalmatie
863 4308 1039 4391 plurimum
1055 4309 1190 4392 confert,
1205 4308 1296 4375 uadit
1311 4330 1407 4392 pars:
1436 4309 1524 4392 quod

397 4409 599 4491 significetur
622 4411 759 4479 Rectori
784 4420 897 4482 nostro
923 4412 1050 4498 Spaleti
1075 4418 1189 4500 petitio
1207 4414 1385 4484 Oratorum
1401 4417 1522 4498 Banni,

396 4522 429 4581 et
444 4519 610 4600 responsio
627 4542 685 4602 per
700 4543 758 4586 nos
775 4523 821 4588 eis
837 4522 932 4605 facta,
950 4524 1001 4588 cui
1018 4523 1178 4590 scribatur
1192 4527 1226 4589 in
1243 4525 1305 4590 hac
1321 4524 1445 4591 forma:
