3268 5308
990 102 997 128 t

355 330 418 394 lac
706 343 943 392 nlrnounczun
960 327 1119 392 1111111111

349 509 423 573 11111
448 529 488 571 ex
514 508 600 573 bello
626 529 659 572 se
685 507 773 590 ipsos
799 505 933 570 alerent.
957 504 992 570 Si
1011 525 1094 568 vero
1110 502 1301 569 universalis
1319 503 1474 587 expeditio

349 635 408 697 pro
435 635 520 679 nunc
544 613 615 678 fieri
640 636 703 678 non
720 619 838 697 posset,
866 619 938 676 erat
953 613 1084 694 penitus
1101 611 1329 694 necessarium,
1346 613 1476 694 11111111-

350 723 432 787 culis
458 744 566 787 rerum
583 721 752 802 Huugarie
780 720 819 784 de
845 719 984 802 presidio
1009 719 1219 801 pecuniarum
1240 720 1477 801 quamprimum

350 828 585 912 provideretur,
611 828 726 893 saltem
752 849 813 910 pro
829 826 890 891 hac
906 830 1018 906 estate,
1045 831 1083 891 ut
1098 825 1241 890 hostium
1257 827 1401 908 impetus
1417 849 1479 891 sus-

350 936 826 1019 111111101111110.1011101111
845 955 904 1018 per
914 933 1161 1001 Serenissimum
1173 933 1350 998 Dominum
1359 935 1480 1000 Ducem

351 1044 427 1108 huic
443 1042 587 1108 Consilio
604 1044 743 1108 relatum
760 1050 818 1108 111.
842 1042 1112 1125 Respondeatur:

458 1151 570 1234 Longe
595 1173 652 1215 nos
670 1151 711 1214 ab
729 1148 835 1215 officio
852 1148 989 1214 deficere
1005 1148 1196 1231 videremur,
1223 1150 1251 1213 si
1267 1170 1328 1232 pro
1346 1149 1395 1234 ijs,
1420 1171 1480 1232 que

351 1259 547 1342 Magnificus
572 1260 642 1342 ipse
668 1258 790 1324 Orator
815 1257 947 1321 nomine
972 1256 1077 1340 Regio
1104 1257 1298 1324 serenitatis
1314 1257 1481 1340 Hungarie

351 1367 456 1432 multa
467 1365 643 1448 prudentia
659 1371 692 1429 et
709 1363 873 1448 elegantia
889 1363 984 1428 nobis
1001 1363 1122 1444 retulit,
1138 1366 1371 1446 preteriremus
1388 1363 1482 1428 silen-

351 1476 397 1538 tio
415 1473 539 1537 meritis
556 1494 628 1537 cum
645 1472 796 1537 laudibus
807 1472 1042 1552 commendare,
1061 1472 1323 1555 quandoquidem
1334 1473 1416 1536 nihil
1427 1493 1482 1555 pro

352 1589 466 1646 nostra
492 1583 652 1645 sententia
678 1580 856 1662 superaddi
872 1586 992 1662 posset,
1018 1581 1105 1663 quod
1122 1587 1312 1645 ornamento
1330 1587 1364 1646 et
1379 1581 1482 1662 gravi-

351 1689 413 1752 tati
429 1711 485 1752 sue
502 1687 733 1751 atribuendum
751 1688 802 1751 sit.
828 1686 931 1771 Regio
948 1709 1026 1752 vero
1043 1688 1217 1770 Majestati
1233 1687 1409 1772 Huugarie
1425 1709 1482 1770 pro

353 1796 413 1874 his,
439 1816 501 1876 que
526 1793 623 1858 libuit
647 1799 714 1858 tam
741 1793 845 1875 digne,
871 1801 1002 1877 tamque
1029 1794 1205 1860 honorifice
1222 1795 1262 1860 de
1279 1795 1372 1861 nobis
1388 1795 1484 1887 loqui,

353 1924 475 1986 proque
492 1923 550 1967 suo
567 1903 723 1967 immenso
741 1902 774 1966 in
790 1923 848 1967 nos
865 1924 974 1967 amore
991 1907 1024 1967 et
1039 1902 1210 1970 affectione
1226 1905 1391 1987 precipua,
1416 1910 1484 1968 tan·

353 2017 405 2076 tas
415 2011 539 2094 gratias
555 2008 720 2091 habemus,
731 2016 873 2090 quantas
889 2012 1016 2076 animus
1032 2016 1144 2076 noster
1159 2033 1278 2094 capere
1294 2012 1497 2096 potestqui·

354 2120 381 2183 si
397 2117 526 2182 Illustri
552 2117 713 2200 quondam
731 2118 871 2200 genitori
887 2140 944 2182 suo
961 2117 1064 2183 felicis
1081 2118 1318 2185 recordationis
1334 2141 1394 2202 per
1411 2141 1483 2184 cou-

353 2229 444 2292 111111
473 2233 622 2308 tempora
647 2223 807 2307 singulari
823 2225 1043 2290 benivolentia
1060 2231 1093 2291 et
1108 2228 1249 2292 caritate
1265 2226 1410 2310 dejuncti
1426 2225 1485 2290 lui-

354 2357 434 2404 mus⁴
450 2333 484 2396 id
501 2333 602 2400 multo
618 2333 730 2414 magis,
747 2331 791 2417 (si
806 2332 911 2414 magis
927 2332 992 2396 dici
1012 2333 1131 2420 possit)
1141 2356 1214 2399 cum
1224 2334 1408 2401 Serenitate
1419 2335 1486 2401 Sua

354 2462 451 2523 agere
477 2461 602 2523 semper
628 2441 840 2505 intendimus..
858 2438 947 2524 Quid
963 2439 1113 2508 Turchus
1129 2443 1364 2526 perfidissimus
1381 2442 1485 2509 hostis

354 2542 391 2613 in'
404 2549 599 2614 eversionem
616 2550 785 2615 christiani
800 2549 941 2614 nominis
957 2549 1066 2614 moliri
1083 2549 1241 2636 videatur,
1265 2552 1344 2636 quid
1360 2573 1484 2635 preser-

353 2657 413 2721 tim
438 2655 642 2732 machinetur
667 2656 823 2720 adversus
847 2656 998 2739 Regnum
1024 2657 1206 2740 Hungarie,
1232 2659 1354 2725 dudum
1379 2659 1484 2749 bellis,

356 2762 569 2846 cladibusque
586 2783 784 2846 oppressum,
800 2763 1019 2828 intelleximus
1035 2766 1165 2848 optime.
1181 2765 1356 2832 Testamnr
1377 2765 1485 2832 Deum

355 2879 511 2954 nostrum,
543 2875 594 2936 cui
625 2871 707 2936 nihil
740 2871 972 2950 essebonum,
1006 2894 1132 2955 semper
1158 2895 1216 2938 nos
1243 2874 1485 2950 calamitatibus

354 2978 462 3060 Regni
489 2978 576 3043 illius
592 2983 721 3043 tantum
737 2976 923 3058 indoluisse,
949 2986 1107 3060 quantum
1123 2981 1211 3044 omni
1224 2981 1297 3064 jure
1314 2980 1485 3060 debemus;

354 3086 396 3181 ad
421 3086 455 3149 id
481 3091 514 3150 et
529 3086 604 3151 fidei
621 3089 720 3152 ardor
736 3094 768 3152 et
783 3089 887 3153 honor
902 3088 1073 3154 christiani
1090 3089 1229 3154 nominis
1254 3095 1286 3154 et
1309 3092 1484 3174 precipuus
1571 3137 1578 3146 .

355 3214 446 3258 amor
456 3199 567 3258 noster
576 3194 610 3258 in
621 3194 763 3278 Regiam
774 3193 1010 3261 Oelsitudinem
1021 3217 1146 3280 semper
1156 3217 1215 3262 nos
1232 3219 1330 3281 quam
1345 3200 1486 3269 maxime
1588 3249 1596 3255 .

354 3301 563 3384 impulerunt,
580 3301 753 3385 cupidique
769 3302 888 3368 fuimus
905 3311 938 3370 et
959 3326 1068 3368 sumus
1088 3295 1487 3370 huncenimum'nostrum

355 3409 498 3492 experiri
523 3428 618 3491 posse
644 3421 677 3474 et
701 3410 853 3492 operibus
878 3418 1085 3492 commutare,
1119 3413 1257 3496 quippe‘
1263 3413 1333 3496 jam
1357 3419 1486 3496 tempus

356 3515 495 3596 advenit,
522 3537 585 3598 quo
611 3517 811 3600 principibus
838 3525 870 3585 et
885 3520 1111 3601 potentatibus
1128 3519 1317 3586 christianis
1330 3542 1389 3603 per
1406 3523 1487 3586 mul·

355 3629 424 3689 tum
449 3623 608 3688 incumbit
624 3624 822 3708 vigilandum
841 3649 920 3708 esse,
946 3649 1012 3692 non
1028 3627 1168 3710 amplius
1184 3627 1431 3694 dormiendum:
1457 3631 1486 3694 si

355 3731 497 3796 divinam
523 3731 712 3814 religionem
729 3735 847 3815 colunt,
874 3733 901 3798 si
917 3735 1044 3800 comuni
1061 3734 1161 3800 saluti
1178 3728 1411 3802 consulendum
1428 3744 1487 3802 est.

355 3840 432 3905 Non
457 3859 624 3922 possemus
648 3840 757 3926 dignis
778 3841 934 3907 extollere
950 3843 1102 3908 laudibus
1119 3844 1255 3928 Regiam
1274 3845 1486 3929 Majestatem

355 3967 415 4032 pro
431 3945 578 4031 ferventi,
594 3950 864 4032 magnanimoque
881 3954 1048 4034 proposito
1061 3974 1133 4034 suo,
1150 3974 1272 4036 proque
1288 3961 1357 4018 tam
1373 3955 1488 4019 saluti-

354 4055 425 4120 fero
451 4054 520 4138 ejus
545 4055 697 4122 instituto
723 4055 876 4123 mittendi
891 4058 1105 4141 Legationem
1122 4081 1214 4125 suam
1230 4059 1273 4125 ad
1289 4060 1484 4126 Pontificem

355 4165 540 4246 maximum,
567 4185 665 4246 quam
682 4163 791 4235 divino
807 4164 974 4248 aspirante
991 4167 1121 4229 numine
1137 4167 1333 4248 processisse
1349 4189 1414 4232 non
1430 4168 1488 4233 du-

354 4269 507 4350 bitamus,
535 4271 562 4334 si
589 4270 719 4352 quidem
744 4293 912 4355 speramus
939 4278 971 4336 et
996 4279 1084 4337 certo
1110 4267 1299 4340 confidimus
1325 4277 1484 4360 optimum

356 4398 426 4441 eam
452 4376 594 4444 fructum
619 4382 799 4462 parituram
816 4401 896 4446 esse.
920 4377 969 4445 At
986 4379 1145 4462 quomodo
1162 4381 1259 4448 libuit
1274 4381 1488 4449 Sereuissimo

356 4479 442 4566 Regi
467 4483 634 4549 nobiscum
660 4487 750 4570 prius
774 4487 806 4552 in
832 4487 1026 4571 particulari
1051 4489 1284 4554 comunicanda
1310 4510 1390 4572 1111,
1424 4513 1488 4574 que
