3268 5308
366 387 429 449 122
717 397 952 446 urrnouaczmr
968 379 1135 440 1111111111.

364 561 513 626 nolumus
529 560 698 643 preterire,
715 559 801 642 qnod
818 559 846 622 si
862 575 1005 638 unquam
1024 573 1083 636 pro
1110 556 1224 614 nostra
1250 548 1411 612 sententia
1437 568 1492 611 ne-

364 669 540 734 cessarium
557 667 618 732 luit
634 666 731 732 rebus
756 664 927 747 Hungarie
952 660 1131 745 providere,
1147 657 1180 722 id
1205 655 1491 740 impresentiarum

364 783 421 843 est.
438 773 800 856 Commemoramusque
823 775 1016 848 reverenter,
1033 774 1069 831 ut
1085 767 1324 850 quamprimum
1340 769 1493 848 opportu-

363 884 462 948 nitati
474 883 579 966 Regni
591 883 688 962 illius,
705 883 762 947 sed
773 881 878 946 verius
891 878 1058 944 christiani
1069 875 1182 959 populi
1194 872 1361 939 Sanctitas
1370 869 1493 939 Vestra

363 990 516 1073 dignetur
532 991 694 1056 assistere.
710 987 812 1058 Venit
828 987 919 1076 nobis
930 986 962 1049 in
978 991 1129 1064 mentem,
1146 981 1232 1065 quod
1243 1001 1317 1064 sepe
1328 980 1412 1046 alias
1428 978 1493 1043 dic-

365 1103 444 1176 tum,
459 1101 706 1180 promotumque
722 1094 792 1176 fuit,
818 1093 979 1170 videlicet,
1005 1090 1092 1174 quod
1109 1089 1198 1154 ultra
1214 1089 1350 1154 celerem
1367 1090 1491 1153 missio-

363 1204 480 1268 nemin
490 1202 698 1284 Hungariam
708 1203 804 1266 unius
815 1200 937 1282 Legati
947 1198 1125 1282 apostolici,
1136 1197 1192 1280 qui
1204 1203 1317 1280 gratus
1330 1197 1380 1279 sit,
1390 1197 1492 1262 etiam

363 1333 421 1394 per
439 1311 603 1394 potentias
624 1310 731 1392 Italic,
755 1309 851 1392 juxta
870 1306 1150 1389 compertitionem
1169 1325 1228 1388 per
1246 1304 1493 1369 Beatitudinem

363 1416 518 1483 Vestram
535 1415 716 1482 faciendam
731 1400 924 1482 mensuatim
941 1414 1143 1479 solverentur
1159 1412 1275 1477 floreni
1293 1410 1329 1474 X
1348 1413 1441 1477 milla
1457 1411 1493 1476 in

365 1523 440 1587 XII
465 1522 556 1589 milla
581 1524 708 1607 singulo
733 1544 850 1603 mense,
881 1544 954 1587 cum
980 1520 1096 1604 quibus
1122 1521 1346 1602 acciperentur
1371 1524 1492 1604 stipen-

365 1629 416 1694 dio
432 1629 498 1698 illis
514 1632 547 1695 in
563 1630 712 1714 partibus
729 1632 853 1714 equites
868 1629 946 1694 IIII
961 1629 1062 1710 milla,
1079 1628 1136 1709 qui
1151 1627 1254 1693 favori
1274 1635 1381 1692 essent
1406 1628 1494 1712 Regi

365 1738 536 1821 Hungarie
566 1745 680 1804 contra
711 1737 865 1818 Turchos,
896 1737 990 1800 utin
1022 1735 1177 1798 honorem
1209 1735 1271 1799 Dei
1302 1733 1492 1801 ferventiori

361 1844 469 1909 animo
486 1844 606 1909 bellum
622 1865 735 1928 gerere
751 1850 869 1927 posset,
884 1849 985 1924 utque
1003 1841 1171 1907 Sanctitas
1181 1839 1303 1910 Vestra
1318 1843 1411 1925 sciat,
1427 1864 1493 1926 quo

362 1952 469 2016 animo
486 1951 519 2016 id
536 1950 853 2016 commemorandum
869 1949 1065 2032 duxerimus,
1082 1970 1289 2032 quamquam,
1310 1956 1347 2014 ut
1363 1951 1492 2015 notissi-
1558 1998 1560 2002 -

362 2081 449 2124 mum
462 2065 519 2138 est,
535 2059 661 2141 magnis
677 2059 942 2142 gravissimisque
959 2057 1107 2141 expensis
1122 2058 1271 2140 impliciti
1287 2079 1406 2139 sumus,
1422 2065 1493 2122 tum

360 2167 393 2230 in
413 2167 516 2232 classe
532 2171 645 2231 nostra
661 2167 826 2230 maritima
835 2172 949 2230 contra
964 2165 1120 2246 Turchos,
1131 2187 1230 2248 quam
1254 2165 1354 2247 longa
1379 2172 1492 2249 poten·

360 2274 477 2338 tiorem
503 2273 600 2339 solito
625 2274 848 2354 instruximus,
873 2279 942 2336 tum
968 2274 1002 2336 in
1028 2273 1212 2342 muniendis
1242 2273 1339 2338 terris
1370 2267 1491 2338 nostris

359 2381 504 2462 partium
521 2381 665 2447 Orientis
681 2380 826 2446 finitimis
843 2380 983 2462 Turclro,
1008 2379 1159 2464 gentibus
1184 2387 1217 2444 et
1241 2380 1402 2464 presidijs,
1430 2382 1491 2446 eri-

359 2510 429 2552 mus
444 2496 553 2555 tamen
569 2495 712 2556 contenti
729 2489 935 2556 contribuere
951 2489 1043 2553 illam
1068 2496 1196 2572 partem
1221 2489 1316 2553 istius
1342 2511 1491 2572 expense,

359 2616 421 2679 que
446 2594 563 2660 decens
589 2605 622 2662 et
646 2596 784 2666 honesta
808 2597 916 2679 fuerit,
942 2597 1146 2662 salutiferum
1163 2596 1233 2680 hoo,
1259 2597 1491 2662 necessarium·

358 2724 420 2785 que
436 2703 622 2785 remedium,
639 2703 738 2770 saluti
753 2726 862 2768 rerum
878 2703 1051 2787 Hungam'e
1077 2709 1110 2768 et
1135 2703 1391 2770 christianorum
1418 2727 1488 2772 esse

358 2817 523 2892 tenemus;
542 2811 784 2895 sapientissima
809 2817 858 2876 est
877 2810 1047 2877 Sanctitas
1064 2811 1196 2894 Vestra,
1221 2833 1353 2895 remque
1381 2815 1488 2896 istam,

358 2940 419 3000 que
432 2919 555 3002 judicio
570 2925 683 2986 nostro
700 2919 902 2984 celeritatem
918 2919 1065 3002 requirit,
1081 2939 1153 2983 cum
1170 2920 1244 3004 alijs
1259 2921 1486 3004 potentatibus

357 3025 457 3089 Italic
474 3026 643 3109 disponere
661 3027 791 3110 poterit,
808 3032 845 3091 ut
860 3025 984 3109 melius
1002 3027 1177 3110 utiliusque
1194 3030 1391 3111 cognoverit.

464 3135 508 3197 Et
525 3155 564 3197 ex
579 3156 664 3199 nunc
680 3141 811 3218 captum
828 3135 879 3214 sit,
905 3135 994 3216 quod
1010 3134 1043 3199 N
1045 3135 1150 3200 icolao
1168 3135 1358 3220 Sagundino
1377 3137 1488 3203 Secre-

357 3238 443 3302 tario
454 3239 665 3304 mittidebeat
676 3244 769 3324 copia
780 3243 978 3325 presentium
989 3242 1325 3310 litterarumacetiam
1336 3247 1492 3328 exempla

355 3337 510 3409 novorum
527 3345 747 3429 predictorum
763 3370 835 3413 cum
850 3350 972 3430 ordine,
989 3352 1076 3433 quod
1099 3373 1137 3415 ea
1154 3373 1225 3416 cum
1241 3351 1492 3418 Reverendissi·

357 3454 417 3516 mis
433 3451 665 3519 Oardinalibus
682 3459 884 3522 comunioare
902 3456 1028 3540 debeat,
1044 3464 1076 3522 et
1092 3459 1191 3524 etiam
1208 3460 1283 3546 alijs
1300 3461 1491 3544 significare

358 3565 391 3622 et
416 3559 626 3626 disseminare
651 3585 733 3629 nova
760 3565 915 3648 predicta,
941 3564 1133 3630 solicitando
1161 3569 1259 3633 etiam
1284 3568 1407 3633 habere
1423 3591 1492 3634 res-

356 3686 493 3748 ponsum
519 3668 715 3736 aPontifioe
731 3674 872 3738 maximo
890 3671 932 3738 ad
948 3673 1080 3738 litteras
1097 3673 1196 3758 ipsas,
1221 3675 1369 3759 illudque
1387 3676 1491 3741 celer-

355 3775 437 3838 rime
454 3775 497 3839 ad
514 3797 572 3842 nos
591 3778 730 3846 mittere.

463 3882 940 3967 †150-0—0.

462 4048 618 4109 (Velenczei
633 4051 719 4100 allam
733 4051 790 4100 ltar
804 4057 846 4102 80.
861 4051 890 4116 l.)
