3256 5304
413 333 477 414 138
757 346 994 410 nrrnounozrni
1011 342 1179 410 1111111111.

413 522 610 606 Magnificus
626 519 760 588 Bannus
778 523 939 590 redimere
965 547 1028 588 non
1060 532 1176 607 posset,
1209 545 1263 588 seu
1297 524 1521 604 interficeretur,

413 631 627 698 consideratis
643 632 796 712 periculis
812 638 917 697 status
937 633 1000 712 sui,
1016 638 1170 697 contenta
1187 637 1237 696 est
1262 639 1374 697 nostro
1399 633 1522 698 dominio

412 741 514 808 libere
532 741 611 805 dare
630 747 662 804 et
678 743 846 822 assignare
864 740 1028 806 fortalicia
1044 741 1216 806 Bannatus
1233 743 1291 824 sui,
1319 742 1411 806 modo
1434 742 1523 807 eidem

412 846 588 931 Magnifice
605 846 746 913 Domine
772 855 804 912 et
828 849 914 913 filius
939 849 1005 915 suis
1022 849 1235 931 provideatur
1253 849 1311 928 ita,
1328 849 1413 930 quod
1429 871 1523 914 conve-

412 957 540 1022 nienter
555 957 589 1020 in
604 957 753 1039 partibus
770 958 841 1024 istis
857 959 967 1023 vivere
983 963 1017 1021 et
1037 958 1204 1022 decentem
1219 958 1320 1021 vitam
1337 957 1447 1021 ducere
1462 979 1523 1040 pos·

413 1067 464 1146 sit,
481 1070 514 1129 et
530 1063 655 1144 ultimo,
667 1065 755 1146 quod
771 1087 842 1130 oum
860 1072 965 1132 status
981 1065 1125 1150 ejusdem
1137 1064 1312 1148 Magnifice
1322 1065 1474 1130 Bannisse
1488 1065 1522 1128 sit

414 1172 474 1238 sub
491 1175 693 1256 protectione
710 1181 822 1240 nostra
840 1182 873 1240 et
890 1197 910 1240 a
926 1175 1064 1240 dominis
1075 1175 1313 1240 circumvicinis
1328 1173 1523 1240 diversimode

415 1281 625 1347 molestetur:
650 1283 872 1365 provideatur,
889 1284 976 1366 quod
992 1283 1054 1366 ipsi
1070 1282 1191 1348 domini
1209 1303 1242 1346 se
1258 1282 1440 1348 abstineant
1454 1281 1498 1348 af
1514 1323 1523 1334 ·

417 1391 534 1456 cienda
548 1392 694 1456 novitate
711 1393 808 1456 terris
825 1397 859 1456 et
874 1392 953 1457 locis
971 1393 1056 1473 suis;
1082 1392 1332 1474 respondeatur:
1608 1455 1610 1486 ἦ

523 1495 620 1580 Quod
636 1497 819 1564 audivimus
835 1519 882 1580 ea,
909 1519 971 1582 que
997 1499 1092 1564 nobis
1117 1499 1370 1580 prudentissime
1396 1497 1525 1582 exposuit
1608 1489 1610 1546 3

414 1608 509 1688 parte
527 1603 713 1688 'Magnifice
728 1606 867 1672 Domine
884 1605 1054 1688 Bannisse,
1078 1628 1138 1688 pro
1164 1607 1386 1690 redemptione
1412 1600 1525 1689 captivi·
1608 1569 1610 1628 l

413 1714 492 1777 tatis
518 1712 687 1795 Magnifici
713 1712 822 1778 Banni
849 1715 898 1779 sui
915 1716 985 1795 viri,
1011 1721 1042 1780 11
1058 1715 1203 1796 dicimus,
1219 1714 1307 1799 quod
1324 1716 1463 1805 contenti
1477 1713 1527 1778 eri·

413 1841 484 1886 mus
509 1842 569 1902 pro
595 1841 693 1886 causa
709 1824 932 1905 suprascripta
947 1829 1096 1887 mutuare
1113 1823 1204 1888 illam
1220 1823 1390 1888 honestam
1416 1821 1527 1905 quanti·

413 1934 513 1993 tatem
546 1928 764 2011 pecuniarum,
797 1952 859 2012 que
892 1933 1083 1997 conveniens
1109 1931 1218 2012 fuerit,
1250 1931 1358 2014 dante,
1389 1937 1424 1994 ut
1447 1930 1527 1994 nobis
1609 1987 1610 2012 ξ

416 2036 535 2103 obtulit
560 2036 810 2122 Magnificentia
828 2037 903 2118 Sua,
929 2061 988 2122 pro
1015 2040 1165 2105 cautione
1182 2045 1294 2104 nostra
1315 2039 1355 2104 de
1371 2038 1526 2104 fortaliciis
1608 2037 1610 2100 5

416 2147 493 2227 suis,
510 2145 683 2210 dummodo
699 2145 865 2211 fortalicia
880 2147 950 2230 ipsa
965 2147 1059 2212 nobis
1075 2148 1226 2230 placeant
1242 2153 1275 2211 et
1291 2148 1356 2212 sint
1367 2147 1409 2212 ad
1423 2166 1525 2230 propo·
1609 2165 1610 2228 j

414 2255 510 2318 situm
527 2275 636 2319 rerum
652 2261 838 2319 nostrarum
853 2255 1027 2320 Dalmatie.
1608 2231 1610 2246 ⁴

521 2359 618 2426 Circa
633 2369 761 2444 partem
779 2363 878 2428 dandi
893 2369 1018 2429 statum
1033 2365 1134 2447 ipsius
1152 2363 1320 2448 Magnifici
1338 2364 1450 2443 Banni,
1461 2381 1525 2426 casu
1608 2389 1610 2440 1

415 2491 479 2552 quo
496 2471 535 2534 de
554 2473 622 2536 vita
638 2493 703 2536 non
719 2478 806 2539 esset
822 2473 1034 2556 sperandum:
1061 2474 1206 2556 (1111111111,
1224 2475 1312 2556 quod
1329 2471 1525 2538 consideratis
1608 2455 1610 2510 1

414 2576 652 2644 conditionibus
670 2586 702 2643 11
718 2581 879 2662 periculis,
895 2581 928 2644 in
945 2582 1061 2662 quibus
1078 2581 1275 2646 constitutus
1292 2587 1341 2647 est
1356 2587 1457 2648 status
1467 2599 1526 2663 pre·

414 2683 475 2748 fati
492 2686 662 2768 Magnifici
677 2689 812 2753 Domini
837 2688 962 2754 Banni:
992 2691 1112 2754 erimus
1137 2692 1282 2754 contenti
1298 2692 1444 2773 accipere
1466 2689 1526 2751 loca
1609 2701 1610 2766 j

414 2791 584 2858 Bannatus
600 2798 633 2857 et
650 2791 752 2876 Olisii,
775 2795 891 2860 Tenini
908 2802 941 2860 11
958 2794 1135 2880 Ostrovice,
1152 2804 1185 2861 et
1200 2799 1264 2880 ipsi
1281 2795 1453 2880 Magnifice
1469 2793 1526 2857 Do·
1608 2829 1610 2836 ⁴

412 2902 497 2966 mine
523 2908 555 2966 ct
580 2900 656 2966 liliis
682 2903 747 2966 suis
772 2903 950 2985 providere,
971 2905 1019 2969 ita
1044 2907 1280 2989 convenienter,
1305 2913 1343 2971 ut
1368 2901 1526 2971 honorifice
1609 2949 1610 2958 ,

413 3030 484 3073 cum
501 3007 577 3074 filiis
595 3011 662 3074 suis
678 3011 778 3074 vitam
795 3011 914 3076 ducere
934 3014 1065 3094 poterit.

521 3117 576 3183 Ad
607 3117 757 3184 ultimam
788 3143 863 3187 vero
898 3129 1024 3204 partem
1065 3123 1211 3189 dabimus
1243 3146 1376 3208 operam
1407 3129 1438 3187 11
1466 3137 1528 3184 eum

413 3223 533 3312 effectu·
559 3227 808 3308 providebimus,
834 3226 922 3311 quod
953 3230 1078 3314 domini
1107 3232 1327 3306 circumvicini
1356 3230 1528 3310 intelligant
1608 3227 1610 3308 ζ

413 3338 536 3398 statum
554 3330 730 3418 Magnifice
747 3331 886 3402 Domine
904 3338 1062 3404 Bannisse
1079 3345 1111 3404 et
1135 3336 1276 3406 filiorum
1295 3361 1363 3405 esse
1392 3338 1527 3405 constitu·
1609 3361 1610 3364 ¹

413 3445 482 3503 tum
508 3442 566 3505 sub
593 3445 795 3525 protectione
821 3451 944 3528 nostra,
971 3446 1122 3529 quodque
1148 3449 1188 3514 ab
1215 3448 1478 3514 inconvenientiis
1501 3463 1527 3506 se

414 3547 612 3632 abstineant,
629 3557 716 3616 etex
733 3575 819 3617 nunc
835 3559 966 3637 captum
983 3554 1035 3635 sit,
1057 3557 1144 3638 quod
1164 3558 1198 3620 in
1217 3557 1408 3623 executione
1420 3573 1526 3631 eorum,

414 3675 477 3737 que
493 3654 577 3720 alias
594 3663 691 3739 capta
706 3656 846 3738 fuerunt,
862 3681 921 3742 per
937 3659 1027 3725 istud
1039 3658 1218 3726 Consilium
1229 3663 1394 3730 scribatur
1404 3665 1436 3727 et
1450 3678 1526 3726 man·

413 3764 507 3828 detur
523 3765 633 3829 comiti
649 3770 760 3829 nostro
778 3765 914 3850 Spaleti,
932 3769 1019 3851 quod
1035 3767 1187 3834 Dominis
1213 3771 1277 3835 illis
1295 3772 1359 3836 diei
1384 3771 1479 3836 faciat
1501 3767 1529 3831 in

413 3871 551 3938 honesta
567 3878 599 3938 et
615 3875 815 3938 convenienti
841 3874 953 3952 forma,
971 3877 1058 3958 quod
1075 3878 1117 3943 ab
1133 3879 1326 3946 inferrendis
1343 3879 1530 3946 novitatibus

414 4003 448 4046 se
481 3981 677 4064 abstineant,
702 4004 774 4046 cum
799 3984 871 4066 ipsa
896 3985 1039 4051 Domina
1066 3988 1231 4054 Bannisse
1257 3991 1299 4054 sit
1329 3991 1389 4056 sub
1419 3993 1531 4072 protec-
1609 3991 1610 4000 ’

415 4091 502 4155 tione
518 4095 642 4155 nostra.

521 4195 574 4261 De
590 4202 688 4281 parte
748 4238 791 4248 -—
837 4240 880 4249 -
930 4206 1002 4268 150.

521 4303 653 4370 Derion
745 4343 787 4354 -
833 4343 876 4354 -
968 4315 998 4372 01

524 4411 730 4478 Nonsinceri
754 4452 789 4460 -
837 4451 880 4460 -
972 4419 1001 4479 3.

522 4539 678 4600 (Velenozei
692 4541 870 4604 allamkonyv
886 4546 944 4591 185.
959 4543 988 4604 l.)
