3256 5304
629 337 723 408 1463.

650 668 722 730 148.

113 851 213 914 1463.
239 847 271 914 A
287 848 441 913 celenensi
457 848 678 913 dllamtandcs
693 848 826 910 udlasza
843 872 864 911 a
881 847 986 912 Juaor
1002 849 1149 913 doszuiai
1176 851 1243 934 cuj-

191 958 307 1022 ddaak
327 980 347 1019 a
365 955 473 1020 braaei
489 955 627 1041 uzipetes
644 954 812 1020 lakbutdsa'
828 955 966 1018 kdrelme
983 958 1175 1042 tu'rqydbau.

109 1169 403 1240 MOOCOLXIII.
421 1171 474 1236 die
490 1169 575 1235 XII.
593 1167 805 1254 Septembris.

3 1301 5 1308 ’
222 1278 319 1364 Quod
337 1278 515 1362 Spectabili
531 1278 637 1360 militi,
653 1275 799 1347 Vaivode
816 1274 841 1343 J
842 1299 945 1342 uanus
962 1275 1160 1361 Bossinensi,
1186 1282 1241 1363 qui

110 1387 251 1453 eontulit
267 1410 301 1452 se
316 1388 360 1454 ad
375 1394 521 1454 nostram
536 1389 735 1472 presentiam
751 1393 785 1453 et
800 1388 1001 1470 presentavit
1012 1387 1106 1453 nobis
1121 1387 1242 1454 solcum

3 1565 4 1570 γ
110 1493 235 1562 lectum
251 1499 315 1564 isto
335 1495 487 1580 Consilio,
504 1499 758 1582 respondeatur:

223 1605 320 1691 Quod
336 1606 474 1672 vidimus
491 1605 630 1672 libenter
641 1598 697 1690 Sp.
709 1605 819 1686 Suam,
829 1612 862 1671 et
877 1613 1012 1690 propter
1029 1603 1241 1689 affectionem,

113 1735 216 1800 quam
231 1717 293 1782 sibi
310 1717 461 1799 gerimus,
488 1715 639 1799 optamus
654 1735 780 1799 semper
802 1715 835 1779 in
862 1717 994 1799 cunctis,
1019 1737 1080 1800 que
1105 1738 1125 1782 a
1149 1717 1241 1782 nobis

111 1825 188 1889 fieri
204 1826 338 1908 possint,
359 1823 421 1890 sibi
437 1823 658 1907 complacere,
684 1830 718 1889 et
734 1824 821 1889 circa
845 1830 972 1907 partem
997 1825 1101 1889 insule
1131 1830 1240 1891 nostre

2 1919 3 1976 ἶ
110 1931 230 2015 Braze,
247 1954 346 2015 quam
361 1935 453 2017 petit,
469 1933 614 2013 dicimus,
642 1932 730 2016 quod
746 1933 876 2015 quando
891 1933 998 1998 insula
1013 1935 1085 2016 ipsa
1101 1934 1159 1998 sub
1185 1933 1241 1998 do-

2 2105 3 2126 ,
109 2041 212 2105 minio
230 2046 262 2105 et
279 2040 464 2106 obedientia
478 2047 591 2107 nostra
607 2041 762 2124 pervenit,
786 2041 993 2123 promisimus
1009 2062 1067 2124 per
1092 2047 1240 2124 patentes

1 2139 3 2178 f
110 2146 251 2230 litteras,
268 2154 300 2213 et
316 2149 488 2232 privilegia
503 2155 623 2227 nostra,
640 2165 833 2214 conservare
849 2155 881 2214 et
898 2157 1009 2215 tenere
1035 2149 1108 2214 illos
1128 2149 1238 2214 subdi-

1 2297 2 2300 =
109 2262 161 2321 tos
179 2262 318 2340 nostros,
333 2279 393 2321 nec
409 2279 463 2324 eos
479 2258 668 2340 aliqualiter
684 2257 826 2323 alienare
851 2281 871 2323 a
887 2262 1001 2322 nostro
1031 2257 1183 2340 dominio,
1208 2265 1240 2322 et

109 2364 160 2429 ita
177 2364 369 2448 obligamus,
391 2371 424 2428 st
441 2364 570 2430 astricti
595 2386 704 2430 sumus
721 2365 828 2430 facere
856 2386 915 2448 per
940 2365 1027 2446 leges
1052 2370 1086 2430 et
1111 2365 1239 2430 ordines

1 2467 2 2540 i
111 2480 247 2553 nostros,
263 2473 381 2554 quibus
397 2475 568 2538 convenire
584 2495 648 2539 non
658 2494 838 2556 possumus,
848 2472 985 2555 ideoque
994 2493 1148 2556 rogamus
1159 2494 1239 2554 eum,

1 2603 3 2640 z
110 2586 148 2645 ut
173 2581 207 2644 in
232 2579 294 2645 hoc
318 2600 377 2644 nos
403 2578 523 2644 habeat
549 2583 766 2663 supportatos,
782 2579 864 2644 bene
890 2585 998 2645 autem
1023 2580 1164 2645 contenti
1190 2603 1240 2645 su-

111 2710 191 2769 mus,
208 2689 281 2754 dari
312 2687 420 2754 faeere
445 2709 570 2771 semper
595 2693 762 2772 receptum
787 2688 851 2771 ipsi
876 2687 1024 2757 Vaivode
1050 2694 1082 2753 et
1107 2689 1182 2768 suis,
1200 2707 1238 2753 ao

112 2798 210 2861 etiam
236 2795 446 2863 Serenissime
462 2797 597 2878 Regino,
613 2802 644 2861 et
660 2797 694 2861 in
710 2795 820 2862 insula
835 2797 942 2862 Braze
958 2798 1041 2861 etin
1057 2798 1131 2862 aliis
1141 2797 1239 2861 terris

1 2893 2 2970 l
113 2911 145 2968 et
169 2903 250 2970 locis
275 2905 407 2987 nostris,
432 2904 465 2968 in
491 2903 606 2986 quibus
632 2924 757 2986 semper
781 2905 873 2985 bene,
899 2902 1139 2986 honorificeque
1155 2903 1240 2968 vide-

111 3013 240 3093 buntur,
256 3033 488 3096 speramusque
503 3017 536 3077 et
553 3012 586 3075 in
597 3011 718 3077 Divina
728 3011 877 3077 bonitate
888 3010 1086 3094 confidimus,
1096 3011 1241 3077 median·

1 3135 2 3171 1
112 3118 199 3184 tibus
224 3119 446 3204 apparatibus,
472 3119 528 3202 qui
553 3119 696 3203 undique
719 3119 801 3184 fiunt
826 3141 865 3186 ao
881 3122 981 3186 etiam
996 3121 1117 3187 virtute
1134 3142 1192 3186 sua
1207 3126 1240 3184 et

1 3257 2 3320 p
114 3248 253 3311 suorum,
278 3228 365 3309 quod
390 3228 480 3292 brevi
503 3227 710 3310 recuperabit
735 3249 799 3293 non
826 3229 929 3294 solum
954 3251 1001 3311 ea,
1033 3251 1094 3313 que
1121 3230 1239 3310 amisit,

1 3323 2 3346 ¹
113 3357 223 3400 verum
250 3337 350 3400 etiam
367 3335 407 3399 de
433 3335 507 3400 aliis
531 3335 629 3401 rebus
645 3357 718 3401 cum
733 3337 863 3418 honore,
879 3341 1087 3422 reputatione
1103 3343 1137 3403 et
1156 3359 1240 3403 com·

114 3444 209 3510 modo
227 3441 283 3527 Sp.
301 3442 374 3526 Sue,
391 3465 498 3527 quum,
515 3449 553 3509 ut
568 3444 717 3525 diximus,
733 3445 922 3511 confidimus
944 3448 1008 3513 cito
1032 3448 1067 3512 in
1090 3447 1239 3512 eutermi⁶

111 3552 199 3616 nium
226 3548 342 3616 Crucis
367 3551 509 3618 hostium
539 3553 645 3618 multa
659 3553 744 3618 bona
760 3551 831 3619 fieri
847 3575 950 3637 posse.

1 3735 2 3744 ἵ
219 3657 277 3726 Ad
302 3667 430 3744 partem
455 3661 578 3744 domus,
595 3683 658 3744 que
684 3668 733 3726 est
761 3659 897 3745 Spaleti,
924 3662 1068 3745 dicimus,
1084 3661 1171 3744 quod
1197 3660 1239 3725 ob

1 3771 2 3800 ³
110 3788 262 3853 amorem,
278 3789 375 3852 quem
390 3768 453 3834 sibi
468 3771 620 3855 gerimus,
631 3772 776 3836 contenti
793 3793 902 3836 sumus
919 3770 982 3835 sibi
1007 3769 1159 3835 accedere
1184 3767 1239 3832 do-

110 3897 197 3941 mum
213 3879 317 3959 ipsam
333 3899 393 3960 pro
409 3877 612 3945 habitatione
637 3900 694 3943 sua
718 3885 751 3944 et
777 3901 908 3944 suorum
933 3877 975 3943 ad
1001 3877 1239 3960 beneplacitum

112 3985 214 4050 nostri
240 3985 384 4068 dominii,
409 3992 442 4052 et
467 3988 515 4052 ita
542 3987 718 4053 scribemus
744 3992 777 4052 et
802 3986 1026 4053 ordinabimus
1052 3985 1139 4049 circa
1166 3985 1237 4063 hoe,

112 4098 268 4175 quantum
284 4092 384 4158 fuerit
400 4100 626 4177 opportunum.

215 4199 339 4269 Verum
366 4203 443 4284 quia
467 4202 553 4267 idem
582 4200 780 4285 Spectabilis
806 4199 956 4270 Vaivoda
983 4199 1079 4266 offert
1106 4219 1140 4265 se
1165 4220 1238 4264 cum

1 4373 2 4398 i
109 4309 356 4393 quadringentis
373 4311 520 4393 personis
538 4308 744 4392 equestribus
770 4315 802 4374 et
829 4309 1032 4392 pedestribus
1059 4308 1188 4388 servire,
1206 4313 1238 4370 et

112 4437 143 4479 se
160 4435 311 4483 exercere
328 4423 441 4482 contra
458 4418 600 4483 hostem:
627 4417 771 4502 dicimus
790 4418 877 4502 quod
902 4424 938 4482 ut
955 4417 1041 4483 istud
1066 4415 1180 4480 melius
1206 4424 1238 4477 et

113 4528 291 4610 promptius
308 4525 415 4591 facere
430 4527 543 4610 possit,
559 4530 591 4590 et
608 4527 685 4608 quia
701 4550 773 4592 eum
799 4525 963 4607 diligimus
989 4532 1021 4592 et
1045 4525 1179 4591 honoris
1205 4531 1238 4589 et
