3292 5310
663 381 757 454 llus.
834 425 836 430 ·
1236 390 1275 457 13

149 559 232 630 ditte
248 564 310 630 mie
323 567 437 631 ultime
454 565 543 646 dissi,
560 555 642 631 have
658 568 850 634 riconducto
867 567 899 632 ai
916 567 1041 632 servitii
1057 569 1105 633 soi
1121 569 1152 633 el
1177 567 1276 652 Mag-

150 671 246 738 nifico
263 672 444 757 Pangratio
461 673 585 754 boemo,
602 695 662 739 oon
678 675 794 741 cavalli
809 675 906 757 mille,
916 681 949 739 et
965 675 1073 758 quello
1088 676 1193 740 havea
1208 697 1276 742 oos-

148 781 261 845 1110110
279 802 336 847 suo
353 779 534 864 Capitanco
552 782 585 846 al
600 783 752 848 incontro
769 781 822 847 del
838 783 929 847 dioto
945 781 1034 846 Iscla
1051 788 1084 846 et
1098 803 1118 846 a
1134 783 1167 846 di
1182 782 1277 851 VIH.

92 903 94 910 ’
152 885 206 951 del
222 887 367 953 instante
384 888 425 953 de
442 887 541 970 febre,
559 888 699 954 secondo
716 912 750 956 se
768 890 848 971 dice,
864 889 1005 955 mancho
1023 888 1056 954 di
1081 896 1197 978 questa
1212 889 1279 954 vita

148 993 185 1057 in
202 1000 319 1077 questa
334 1001 422 1061 terra
438 997 469 1061 el
492 994 621 1079 prefato
638 995 827 1079 Pangratio.

261 1100 385 1187 Questo
405 1100 622 1171 Serenissimo
641 1102 762 1186 Signor
777 1103 829 1169 Re
854 1103 889 1169 fa
913 1103 1055 1171 solicitar
1080 1104 1278 1184 conlisere,

150 1209 209 1273 che
224 1209 288 1273 tuti
303 1209 476 1294 Regniooli
493 1231 526 1276 se
543 1211 618 1276 debi
643 1210 838 1277 conferirea
869 1217 984 1294 questo
1009 1207 1076 1276 San
1102 1210 1199 1275 Zorzi
1223 1212 1278 1276 ala

149 1312 415 1400 Congregazione
456 1319 609 1401 generale
634 1319 811 1397 ordinata,
843 1299 981 1383 secondo
1012 1337 1070 1400 per
1100 1317 1184 1382 altre
1214 1320 1278 1385 mie

150 1423 270 1488 scrissi.
295 1425 325 1488 Ε
351 1426 503 1508 opinione
528 1424 568 1491 de
594 1425 687 1491 molti
710 1448 768 1510 per
793 1427 824 1491 le
855 1426 967 1491 novita
990 1431 1161 1491 occurente
1187 1427 1279 1492 molti

117 1587 121 1594 .
149 1531 246 1613 pochi
262 1553 302 1598 ne
318 1533 480 1600 venirano.
496 1533 719 1600 Nihilominus
737 1535 777 1601 de
792 1533 853 1615 his,
869 1555 931 1618 que
947 1517 1133 1616 seguuntur‚
1149 1554 1189 1599 ne
1206 1533 1278 1600 faro

148 1638 182 1703 la
199 1636 352 1705 Serenita
376 1639 503 1710 Vostra
534 1648 634 1708 certa.
660 1642 710 1708 Mi
736 1641 949 1708 raocomendo
979 1646 1039 1707 010.
1069 1638 1164 1706 Bude
1194 1640 1278 1707 XII.

149 1743 280 1830 Aprilis
298 1751 383 1814 1458

851 1841 971 1906 Petrus
987 1840 1028 1906 de
1044 1838 1233 1925 Thomasys.

259 1944 471 2014 Serenissimo
488 1948 635 2033 Principi
651 1955 685 2016 et
694 1949 976 2016 Excellentissimo
985 1948 1127 2014 Domino
1138 1949 1278 2015 Domino

153 2053 315 2138 Pasquali
331 2053 563 2140 Maripietr0*)
583 2057 636 2122 dei
652 2057 758 2141 gratia
773 2056 895 2141 inclyto
905 2054 992 2121 Duci
1001 2054 1203 2123 Venetorum
1219 2063 1279 2123 001.

260 2216 388 2278 (Milandi
401 2217 485 2267 allam
497 2219 574 2280 nar.)

636 2397 794 2404 .——.......

692 2635 742 2696 10.

200 2791 423 2857 1458301010.
455 2795 587 2878 Mutyce
613 2793 726 2880 kirtly
751 2792 847 2858 100010
862 2793 1008 2859 1101010110
1034 2794 1232 2877 000100010100,

243 2901 383 2984 010101οη
407 2926 428 2966 a
456 2903 548 2966 11101110
565 2901 659 2965 ellani
674 2901 899 2987 hadjciratbau
914 2903 1189 2967 ktzremiikdddse't

651 3011 779 3094 01109011.

262 3203 471 3290 (Exemplum
493 3206 662 3272 literarum
687 3201 894 3271 Serenissimi
919 3202 1052 3270 Domini
1068 3202 1169 3288 Regis
1186 3204 1279 3271 Hun-

154 3314 244 3396 garie
263 3315 304 3378 ad
321 3312 569 3380 serenissimum
585 3313 761 3380 Dominum
777 3312 1001 3378 Romanorum
1019 3313 1279 3398 Imperatorem.)

262 3420 476 3487 Serenissimo
493 3420 640 3504 Principi
656 3421 796 3488 Domino
817 3419 986 3487 Friderico
1001 3419 1066 3485 Dei
1084 3418 1279 3484 (100110110-
1326 3469 1329 3474 .

155 3550 325 3594 manorum
341 3527 538 3612 Imperatori
554 3549 681 3612 semper
711 3533 857 3611 augusto,
873 3548 912 3592 ac
943 3523 1081 3592 Austrie
1112 3533 1145 3592 et
1171 3525 1279 3610 Styrie

154 3634 641 3717 110010010011001001-000100,
657 3635 805 3700 Mathias
816 3634 929 3700 eadem
940 3635 1049 3718 gratia
1060 3632 1135 3699 Rex
1144 3633 1279 3717 Hungu-

156 3745 210 3824 rie,
226 3746 405 3827 Dalmatio,
421 3742 554 3812 Oroatia
569 3743 706 3810 salutem
722 3751 756 3810 et
771 3763 944 3828 prosperos
961 3743 1004 3808 ad
1015 3749 1093 3809 vota
1104 3764 1279 3809 successus,

155 3851 234 3917 Post
248 3874 345 3936 quam
362 3852 472 3918 divina
504 3852 710 3944 providentia
740 3873 779 3917 ac
810 3853 934 3917 cunctis
966 3851 1075 3934 Regni
1105 3851 1279 3932 Hungarie

157 3958 294 4024 subditis
318 3980 417 4024 unum
433 3959 647 4024 sentientibus
665 3959 707 4024 ad
723 3959 785 4025 hoc
800 3959 910 4043 regale
927 3956 1094 4040 fastigium
1114 3955 1281 4020 sublimati

159 4087 274 4132 sumus:
291 4067 326 4130 id
340 4067 434 4132 nobis
450 4068 600 4150 inprimis
616 4088 692 4132 cure
709 4067 778 4147 fuit,
796 4088 836 4130 ne
851 4070 942 4130 tante
968 4061 1122 4144 dignitati
1138 4063 1281 4127 humeris

159 4173 279 4238 nostris
304 4173 455 4256 imposito
480 4174 589 4239 deesse
613 4173 804 4239 videremur.
830 4169 902 4236 Neo
927 4170 1013 4234 enim
1035 4166 1142 4250 ignari
1160 4189 1278 4253 sumus,

159 4285 316 4363 quantum
340 4282 449 4346 oneris
480 4303 552 4346 oum
583 4282 697 4347 summi
727 4279 837 4364 Regni
867 4276 1023 4344 beneficio
1055 4275 1279 4341 sustineamus

162 4387 270 4472 Quare
286 4391 434 4472 preclara
450 4390 545 4456 initia
561 4390 729 4476 regiminis
744 4389 848 4456 nostri
857 4389 906 4453 ita
920 4385 991 4450 ficri
1006 4404 1101 4466 posse
1117 4383 1280 4456 existima-

265 4571 290 4634 *)
302 4571 459 4636 Malipiem.
