3268 5308
392 429 456 488 150
744 435 976 482 orrnonxczmr
992 418 1158 478 nnnnnnn.

497 601 549 666 De
576 620 732 682 responso
759 596 789 660 el
826 593 1062 660 deliberatione
1087 589 1243 674 predicta,
1267 587 1364 652 detur
1397 584 1504 650 noticia

390 710 529 780 Nicolao
546 706 746 792 Sagundino,
762 709 801 770 ut
817 707 926 770 onmia
942 702 1075 768 Summo
1092 696 1245 766 Pontifici
1260 701 1341 761 nota
1356 694 1427 760 sint.

497 817 540 900 4-
590 820 651 880 ma
698 851 741 862 -
790 817 830 877 ro
877 845 921 856 -
967 813 996 872 c.

497 976 657 1039 (Velenczei
671 976 755 1026 allam
769 973 826 1026 nur
839 978 881 1024 92.
896 973 925 1033 1.)

931 1405 981 1466 94.

394 1574 490 1638 1462.
510 1571 534 1634 Α
550 1570 698 1634 colonczai
714 1559 1148 1631 alamannicatrader-duret
1158 1562 1318 1626 ddoete'hez
1330 1561 1512 1644 iiloppuror·

391 1678 532 1764 sadyatek
550 1701 569 1738 o
586 1676 674 1740 tarot
691 1675 771 1738 ellan
788 1674 920 1737 edendo'
935 1672 1080 1758 perizbedi
1091 1667 1315 1754 felsepdlyeze'a
1328 1668 1511 1752 tdrpqa'don.

392 1869 662 1940 uroooouxss.
680 1870 732 1936 die
748 1869 887 1938 XVIII.
902 1868 1005 1954 Junij.

499 1977 745 2062 Circumspeoto
778 1984 811 2044 ot
843 1976 994 2061 Sapienti
1026 1973 1108 2044 Viro
1149 1971 1286 2038 Nicolao
1328 1970 1512 2056 Sagnndinc

393 2086 578 2156 Secretario
594 2091 706 2152 nostro
722 2086 764 2152 ad
781 2085 813 2154 S.
830 2085 1029 2152 Pontificem.

395 2199 421 2262 l·
438 2196 575 2278 Sapiens
592 2190 729 2277 OOUSffii
771 2190 775 2218 ¹
869 2209 991 2294 Qualia
1006 2216 1039 2275 et
1064 2211 1188 2292 quante
1213 2206 1278 2270 sint
1303 2205 1451 2289 pericula
1474 2229 1516 2272 re·

394 2312 422 2372 2.
517 2328 532 2362 »
626 2308 648 2366 t·
665 2301 685 2366 f·
825 2339 897 2383 rum
913 2317 1094 2404 Hungarie,
1110 2315 1246 2399 potuisti
1273 2315 1353 2379 satis
1379 2315 1517 2398 superio·
1629 2307 1631 2332 '

398 2429 489 2495 ribus
506 2431 627 2496 nostris
642 2428 763 2494 litteris
783 2425 975 2509 intelligere,
991 2426 1193 2507 meximeque
1209 2444 1248 2489 ex
1273 2421 1333 2502 his,
1359 2444 1442 2506 quas
1468 2445 1518 2488 no·

393 2537 523 2601 vissime
540 2536 583 2601 ad
598 2543 630 2601 te
656 2537 851 2619 scripsimus,
878 2534 912 2598 iu
937 2533 1054 2616 quibus
1078 2533 1217 2596 insertas
1242 2529 1389 2596 misimus
1414 2531 1519 2615 copias

392 2643 576 2708 litterarum
594 2642 767 2726 Secretarij
786 2643 899 2722 nostri,
919 2663 1016 2724 quem
1032 2638 1154 2705 dudum
1181 2639 1215 2704 in
1231 2638 1405 2723 Hungarie
1420 2639 1520 2723 parti·

392 2752 453 2818 bns
469 2751 641 2831 tenuimus,
667 2749 731 2815 diei
749 2748 948 2816 XXVIIII.
968 2748 1050 2832 Maij
1069 2767 1172 2830 nuper
1188 2747 1327 2829 decursi,
1342 2746 1519 2814 reddimur-

394 2881 456 2942 que
474 2860 564 2942 certi,
580 2858 667 2941 quod
684 2879 723 2924 ea
739 2859 848 2924 omnia
863 2857 1074 2923 notafeceras
1091 2854 1244 2922 Pontifici
1254 2854 1412 2938 Maximo,
1421 2856 1520 2940 quod·

394 2988 455 3049 que
482 2965 661 3032 Beatitudo
697 2966 764 3033 Sua
798 2987 904 3049 neque
939 2965 1100 3030 immerito
1136 2968 1265 3027 tantum
1299 2962 1522 3045 magnifecerit
1627 2959 1629 3022 i

391 3093 474 3137 nova
489 3072 569 3155 ipsa,
596 3078 753 3155 quantum
770 3072 934 3155 omnipere
950 3070 1021 3136 fieri
1037 3069 1143 3136 debet.
1175 3070 1237 3135 Est
1252 3090 1366 3153 nempe
1385 3091 1444 3154 per
1459 3071 1521 3136 Dei

391 3180 606 3257 clementiam,
636 3200 758 3262 perque
793 3182 982 3244 immensam
1022 3179 1090 3262 ejus
1125 3177 1320 3260 sapientiam
1351 3197 1521 3260 supremus

391 3287 642 3352 christianorum
658 3287 806 3371 princeps
831 3295 862 3353 et
894 3294 988 3373 pater
1020 3279 1172 3366 oninium,
1203 3285 1329 3368 sibique
1361 3285 1520 3352 incumbit

391 3395 595 3459 imminentia
619 3393 683 3459 ista
713 3394 866 3476 pericula,
892 3399 1016 3477 quent
1046 3393 1095 3457 ita
1125 3392 1310 3472 dixerimuS,
1334 3392 1368 3456 in
1398 3389 1521 3458 foribus

390 3509 475 3583 sunt,
506 3502 665 3585 imprimis
698 3502 913 3569 considerare.
949 3499 1120 3585 Quomodo
1148 3503 1175 3564 si
1201 3536 1243 3548 -
1261 3499 1349 3582 quod
1375 3501 1463 3568 absit
1484 3543 1516 3552 -

389 3608 542 3692 Regnum
557 3610 729 3693 Hungarie
746 3611 868 3676 viribus
889 3609 1068 3674 Turcorum
1094 3627 1292 3693 oppressum,
1316 3612 1524 3676 succumbere

390 3722 533 3800 cogetur,
550 3719 632 3782 sicut
648 3719 886 3800 quammaxime
904 3716 1119 3784 dubitandum
1146 3722 1203 3798 est,
1220 3715 1299 3796 quid
1316 3718 1433 3784 exinde
1450 3719 1524 3786 sub-

391 3826 483 3907 sequi
499 3827 604 3909 possit
619 3826 652 3890 in
679 3824 839 3890 excidium
864 3827 1004 3890 nominis
1030 3825 1217 3891 christiani:
1244 3825 1341 3891 facile
1368 3827 1524 3911 intelligi-

390 3938 452 3997 tur.
468 3931 556 3998 Hinc
572 3933 683 4016 itaque
700 3930 821 3998 factum
838 3939 895 4015 est,
912 3940 948 3998 ut
963 3955 1023 4016 pro
1040 3954 1163 3998 summo
1179 3933 1322 4016 pondere
1347 3939 1441 4000 tante
1466 3937 1523 4016 rei,

391 4041 635 4106 accuratissime
652 4039 860 4124 vigilandum,
875 4039 1056 4123 futurisque
1073 4041 1167 4106 malis
1182 4043 1337 4108 citissime
1353 4043 1524 4126 providen-

389 4148 465 4213 dum
482 4149 700 4215 necessarium
718 4151 954 4232 quammaxime
971 4170 1167 4216 censeamus
1183 4152 1230 4216 Et
1256 4173 1464 4234 quamquam,
1482 4153 1524 4217 si-

386 4261 440 4320 cut
457 4277 496 4320 ex
511 4255 629 4321 litteris
646 4257 712 4321 tuis
729 4259 918 4340 accepimus
935 4257 1085 4324 Summus
1102 4257 1256 4325 Pontifex
1268 4261 1365 4343 juxta
1380 4281 1520 4325 comme·
1622 4305 1623 4308 κ

388 4364 604 4428 morationem
619 4361 741 4428 factam
757 4363 796 4430 de
806 4363 884 4430 XII
895 4363 1038 4431 millibus
1049 4367 1176 4430 ducatis
1186 4389 1244 4450 per
1254 4371 1446 4449 potentatus
1456 4367 1525 4432 Ita-

388 4469 430 4532 lie
461 4471 656 4536 mensuatim
697 4471 940 4537 contribuendis
968 4474 1002 4536 in
1034 4473 1176 4539 favorem
1208 4496 1317 4539 rerum
1350 4473 1523 4558 Hungarie

391 4582 504 4638 contro
538 4577 694 4658 Tarchon,
732 4580 770 4642 de
805 4579 922 4660 quibus
948 4581 1181 4665 proportione
1207 4588 1321 4648 nostra
1346 4580 1523 4646 obtulimus
