3256 5304
634 389 727 452 1463.
1181 397 1245 457 233

225 561 286 627 Ser
303 563 403 626 Palus
419 563 611 628 Bernardus
630 565 767 647 Sapiens
785 563 921 632 Consilii
947 569 1017 633 vult
1042 574 1169 651 partem
1194 591 1246 636 su-

1 738 2 741 ,
114 673 335 755 prascriptam
360 692 417 754 per
434 677 539 736 totum
556 680 708 756 excepto:
734 675 821 756 quod
837 697 901 740 non
919 677 987 740 vult
1001 678 1246 760 promissionem

1 789 2 871 J
116 779 220 843 dandi
231 780 374 845 Domino
387 777 615 865 Scanderbego
633 781 769 848 ducatos
785 783 849 848 duo
865 784 976 867 millia,
995 787 1078 851 sicut
1093 785 1126 851 in
1142 786 1245 873 primo

116 889 267 972 capitulo
284 895 423 955 cavetur.

1 1042 2 1046 =
117 1063 118 1066 ,
225 997 278 1062 Ι)6
294 1003 390 1082 parte
407 1034 450 1046 -
469 1003 519 1065 31.

228 1160 386 1221 (Veleuczei
399 1162 581 1231 allamkbnyv
597 1166 655 1213 178.
670 1165 699 1226 1.)

650 1599 722 1660 145.

121 1761 216 1828 1463.
242 1759 271 1823 A
291 1762 883 1826 υ616116161111161111661611611161616
901 1786 922 1826 a
939 1763 1146 1849 Skanderbep
1161 1763 1249 1827 11116-

351 1870 455 1937 reicola
471 1870 657 1955 lciflaetendo'
672 1871 815 1957 bssaepels
832 1871 1025 1956 tdrpydbon.

1 2117 2 2166 t
121 2061 418 2132 MCOOOLXIII.
435 2065 488 2129 die
504 2064 648 2129 XXIII.
665 2062 818 2147 Augusti.

1 2173 2 2198 l
230 2170 326 2255 Quod
351 2196 410 2256 pro
436 2171 639 2256 expeditione
665 2171 842 2240 Oratcrum
868 2172 1003 2238 Domini
1021 2171 1250 2260 Scanderbegi‚

1 2259 2 2318 l
120 2281 177 2362 qui
202 2281 336 2363 capiunt
361 2281 468 2346 redire
484 2280 527 2344 ad
544 2280 710 2345 dominum
728 2302 821 2348 suum
837 2303 909 2346 cum
925 2279 1180 2345 conclusionibus
1197 2282 1250 2347 hic

120 2389 226 2472 factis,
242 2390 326 2454 sicut
337 2390 551 2455 deliberatum
563 2396 678 2473 ostper
688 2388 776 2456 istud
786 2389 976 2470 Consilium,
994 2391 1097 2473 accipi
1108 2391 1249 2460 debeant

121 2505 189 2563 tam
206 2499 247 2564 de
263 2502 407 2582 pecuniis
425 2500 572 2584 depositi,
589 2521 688 2583 quam
705 2521 744 2564 ex
760 2501 846 2564 omni
857 2501 922 2565 alio
933 2501 1004 2565 loco
1015 2500 1151 2566 ducatos
1165 2504 1249 2566 1500

121 2611 171 2674 vel
188 2611 283 2691 circa,
310 2611 366 2695 qui
382 2617 457 2676 sunt
473 2633 533 2695 pro
549 2611 733 2694 provisione
751 2633 809 2676 sua
825 2611 991 2694 preterita,
1015 2616 1048 2676 et
1064 2610 1135 2679 dari
1153 2610 1250 2678 dictis

125 2718 327 2786 Oratoribus.

230 2827 390 2892 Preterea
407 2834 538 2911 captum
556 2829 608 2911 sit,
625 2827 712 2910 quod
728 2832 803 2910 post
819 2847 978 2892 recessum
996 2825 1157 2892 dictorum
1169 2825 1251 2893 Ora·

1 2938 3 2958 ¹
123 2941 241 3018 torum,
258 2937 361 3019 accipi
378 2936 529 3001 similiter
545 2935 687 3002 debeant
703 2935 743 3000 de
759 2935 904 3018 pecuniis
921 2935 1059 3018 depositi
1070 2939 1103 2999 et
1113 2956 1152 2998 ex
1164 2935 1252 2999 omni

1 3077 2 3094 1
125 3045 189 3109 alio
206 3043 287 3127 loco,
303 3045 437 3110 ducatos
448 3043 529 3110 duos
540 3044 652 3126 millia,
663 3044 719 3127 qui
729 3064 788 3127 per
799 3043 1008 3108 concordium
1019 3041 1251 3126 superlectum

124 3175 195 3216 cum
213 3150 411 3218 Oratoribus
427 3153 527 3236 ipsius
539 3150 759 3233 Scanderbegi
770 3152 832 3218 sibi
841 3151 993 3234 promissi
1003 3156 1087 3231 suut,
1103 3172 1141 3216 ac
1153 3152 1253 3216 etiam

1 3293 2 3337 3
125 3260 261 3325 ducatos
287 3267 463 3342 sexcentos,
493 3283 573 3345 quos
599 3260 685 3326 iufra
710 3282 809 3324 unum
826 3281 968 3324 mensem
984 3258 1106 3324 habere
1123 3259 1254 3324 debebit

1 3353 2 3413 l
127 3368 165 3434 de
181 3369 367 3451 provisione
384 3389 451 3449 sua,
474 3388 537 3450 que
555 3367 692 3433 decursa
708 3373 766 3448 est,
784 3373 817 3433 et
833 3389 918 3432 nuno
933 3368 1044 3446 currit,
1071 3367 1128 3448 qui
1144 3366 1253 3431 ducati

126 3475 189 3540 duo
217 3476 321 3540 millia
347 3476 491 3540 sexcenti
507 3477 594 3540 mitti
612 3474 753 3540 debeant
770 3475 811 3538 ad
834 3475 941 3558 ipsum
957 3473 1136 3538 Dominum
1154 3471 1253 3539 Scan-

125 3581 311 3666 derbegum,
328 3582 459 3666 quando
476 3587 510 3646 et
520 3583 604 3646 sicut
613 3582 775 3646 videbitur
785 3581 930 3664 collegio,
946 3586 983 3645 ut
994 3580 1080 3645 idem
1091 3578 1252 3645 Dominus

9 3713 13 3720 ·
126 3695 243 3755 contra
260 3689 403 3754 Turnum
417 3690 513 3772 juxta
529 3694 687 3755 conventa
702 3688 858 3754 libentius
874 3687 981 3753 facere
997 3687 1108 3771 possit.

233 3795 279 3860 m
305 3819 404 3879 quum
430 3803 554 3862 restant
578 3797 689 3879 aliqua
705 3796 849 3883 capitula
865 3795 1062 3878 pertinentia
1078 3794 1253 3878 prothono-

126 3905 209 3970 tario
226 3901 259 3968 ''et
271 3904 405 3971 Oratori
423 3905 522 3988 ipsius
534 3903 763 3988 Scanderbegi,
780 3925 842 3987 que
859 3925 925 3968 11611
941 3907 1017 3967 sunt
1032 3901 1253 3984 importantia,

1 4085 2 4113 ,
128 4012 297 4095 collegium
322 4013 445 4078 habeat
469 4012 656 4078 libertatem
673 4013 823 4097 expedire
840 4035 887 4094 ea,
904 4013 987 4080 sicut
1003 4011 1064 4077 sibi
1080 4008 1252 4078 videbitur.

232 4120 394 4203 Departe
475 4159 509 4167 -
560 4157 603 4165 -
652 4125 725 4185 143.

232 4228 370 4293 Deuon‘
475 4268 511 4278 -
566 4265 600 4274 -
697 4232 724 4292 3.

232 4335 311 4402 Non
328 4337 445 4402 sinceri
472 4373 511 4380 --—
560 4375 603 4381 -
696 4343 724 4401 3.

233 4501 268 4562 (V
270 4499 392 4549 elenczei
405 4499 587 4565 allamkonyv
603 4503 661 4547 179.
678 4500 706 4557 l.)

616 4643 696 4651 ...—
