3256 5304
347 381 408 442 les
700 395 931 438 Dll’lmlnczlnl
949 385 1117 440 antrannis.

343 557 440 640 plane
466 558 682 640 cognorimus.
707 555 777 620 Nos
802 555 949 638 prolecto
974 556 1080 620 dicere
1106 575 1171 619 uon
1195 554 1274 618 satis
1297 573 1481 646 possemus,

341 669 499 748 quantum
516 665 581 728 ista
596 665 706 728 omnia
723 665 914 746 gravissima
936 662 1030 728 nobis
1055 646 1196 742 fuerint,⁸
1209 659 1480 745 quandoquidem

342 793 415 836 vere
431 770 532 854 digna
559 773 624 836 sint
639 770 925 836 Excellentissimo
943 769 1093 854 Principi,
1121 791 1217 852 quem
1242 769 1379 848 meritis,
1404 790 1481 851 pre-

342 879 453 961 conijs,
472 899 510 944 ac
526 877 678 944 laudibus
695 879 808 944 extolli
825 900 889 944 non
905 898 1009 962 posse,
1026 877 1222 943 censendum
1239 884 1298 942 est.
1324 874 1374 942 At
1400 897 1481 958 quo-

343 987 440 1052 modo
456 985 616 1070 Majestas
637 987 755 1054 Vestra
771 989 804 1052 in
831 985 1112 1052 confirmationem
1136 986 1233 1069 hujus
1259 985 1479 1050 sincerissime

341 1094 468 1175 mentiS,
485 1095 654 1176 sanctique
671 1096 831 1176 propositi
848 1096 907 1175 sui,
923 1095 966 1158 ad
982 1116 1040 1160 nos
1053 1091 1235 1176 perscribit,
1246 1091 1371 1174 quodsi
1387 1090 1478 1154 idem

339 1198 460 1266 Orator
476 1201 519 1266 ad
536 1201 596 1266 hoc
612 1201 805 1266 mandatum
819 1201 996 1283 habuisset,
1016 1201 1155 1265 libenter
1171 1221 1245 1264 cum
1255 1197 1477 1264 Serenissimo

340 1307 431 1391 Rege
448 1308 614 1389 Bohemie,
631 1316 663 1373 et
679 1309 753 1392 alijs
769 1309 917 1392 Regibus
933 1314 967 1374 et
991 1308 1217 1392 potentatibus
1243 1306 1405 1388 colligatis
1431 1306 1479 1370 ad

340 1411 657 1481 confoederationem
692 1414 880 1481 devenisset.
915 1416 1072 1498 Dicimus,
1106 1414 1194 1498 quod
1228 1415 1262 1477 in
1287 1413 1349 1478 hoc
1373 1415 1477 1478 etiarn

339 1523 578 1604 quammaxime
593 1521 769 1603 laudanda,
794 1523 1067 1608 sublimandaque
1084 1528 1134 1588 est
1149 1521 1273 1592 Vestra
1291 1521 1477 1601 Serenitas,

340 1635 377 1694 ut
401 1630 501 1694 unitis
527 1631 649 1695 viribus
675 1630 862 1694 christianis
883 1632 953 1714 jam
978 1630 1111 1696 tandem
1130 1635 1243 1696 contra
1269 1630 1477 1716 sevissimam

339 1735 463 1802 hostem
480 1739 620 1802 nominis
637 1737 816 1819 christiani,
833 1737 965 1818 procedi
989 1739 1102 1820 possit,
1128 1739 1272 1818 certique
1296 1735 1477 1814 reddimur,

340 1843 428 1925 quod
444 1842 602 1926 Majestas
619 1841 742 1908 Vestra
757 1843 871 1909 libenti
898 1845 1009 1908 animo
1034 1866 1104 1908 rem
1129 1845 1227 1908 istam
1253 1844 1476 1927 aggredietur,

339 1950 620 2032 amplecteturque
652 1951 713 2016 hoc
739 1957 886 2016 sanctum
912 1975 992 2035 opus
1018 1973 1056 2017 eo
1082 1952 1261 2017 ardentiori
1287 1953 1404 2030 animo,
1434 1973 1478 2016 ac

338 2058 575 2124 ferventissimo
592 2059 672 2140 zelo,
690 2081 754 2141 quo
765 2061 960 2126 christianos
970 2061 1038 2143 ejus
1048 2060 1291 2143 predecessores
1301 2059 1335 2123 id
1345 2079 1477 2142 semper

339 2167 464 2232 cunctis
480 2188 591 2232 eornm
608 2167 723 2232 studiis
739 2167 881 2233 effecisse
898 2169 1123 2245 certissimum,
1140 2175 1197 2233 est.
1222 2166 1294 2232 Nos
1325 2165 1476 2261 Serenis·

342 2277 424 2340 sime
440 2277 608 2359 Princeps,
626 2298 698 2340 cum
716 2278 843 2358 potenti
860 2277 964 2342 classe
983 2281 1096 2340 nostra
1123 2277 1290 2366 maritima
1316 2277 1477 2358 quicquid

338 2383 371 2446 in
387 2381 479 2447 nobis
497 2389 554 2462 est,
569 2404 629 2466 pro
645 2384 864 2466 redemptoris
881 2386 985 2450 nostri
1001 2384 1108 2466 gloria
1124 2385 1157 2448 in
1174 2384 1235 2447 hac
1262 2383 1471 2464 expeditione

338 2496 490 2574 prompto
507 2494 615 2556 animo
633 2492 833 2574 pollicemur.
849 2490 981 2557 Interea
997 2514 1073 2557 vero
1093 2498 1227 2576 propter
1247 2513 1402 2574 magnum
1417 2512 1473 2574 pe-

339 2597 486 2678 riculum,
507 2601 595 2680 quod
620 2602 768 2663 imminet
792 2599 909 2684 Regno
934 2601 1115 2684 Hungarie,
1142 2621 1182 2664 ne
1207 2601 1282 2664 huic
1307 2601 1473 2663 communi

338 2703 425 2768 hosti
452 2705 661 2771 succumbere
682 2708 906 2791 compellatur,
933 2715 1104 2792 soquentes
1121 2709 1473 2790 commemorationem,

337 2832 436 2893 quam
453 2811 576 2881 Vestra
591 2813 750 2896 Majestas
768 2813 837 2879 fieri
854 2815 962 2881 facere
979 2818 1128 2896 instituit,
1155 2815 1378 2881 serenissimis
1404 2814 1470 2880 Bo-

337 2916 441 2984 hemie
458 2927 491 2984 et
508 2920 644 2986 Polonie
660 2920 809 3004 Regibus
826 2925 912 2987 circa
928 2925 1115 2989 missionem
1134 2923 1313 2990 Oratorem
1329 2943 1472 3004 suorum,

336 3025 379 3090 ad
405 3028 644 3093 exhortandum
670 3029 796 3112 Regem
823 3029 1003 3114 Hungarie,
1020 3032 1209 3114 scripsimus
1236 3030 1270 3094 id
1294 3031 1412 3112 ipsum,
1439 3036 1473 3094 et

339 3134 498 3197 svasimus
524 3135 644 3198 eisdem
673 3135 895 3203 Serenissimis
921 3138 1077 3221 Regibus
1094 3139 1181 3221 quod
1206 3137 1353 3221 profecto
1380 3159 1471 3220 mag-

307 3249 311 3257 “
336 3259 457 3321 nopere
474 3244 693 3306 necessarium
709 3265 780 3309 esse
806 3247 1039 3331 cognoscimus,
1056 3245 1256 3310 decrevimus
1281 3267 1412 3328 quoque
1439 3253 1473 3312 et

335 3367 404 3424 noS,
421 3347 461 3412 ob
479 3345 513 3410 id
530 3348 636 3412 solum
653 3350 830 3418 Oratorem
846 3359 993 3418 nostrum
1011 3334 1253 3436 quamprimum
1278 3355 1411 3418 mittere
1428 3353 1471 3418 ad

336 3453 442 3536 ipsam
458 3452 600 3538 Regiam
616 3457 827 3542 Majestatem
845 3460 1027 3544 Hungarie,
1046 3466 1083 3525 ut
1109 3465 1260 3545 exparte
1285 3467 1398 3526 nostra
1424 3463 1472 3526 ni·

341 3560 387 3624 hil
403 3565 677 3650 pretermittatur,
693 3574 730 3632 ut
755 3590 891 3651 regnum
909 3569 990 3633 illud
1006 3591 1079 3634 cum
1095 3575 1190 3634 tanto
1206 3569 1350 3652 periculo
1367 3571 1472 3636 totius

338 3669 596 3755 christianitatis,
611 3674 645 3738 in
661 3673 841 3740 infidelium
858 3698 974 3743 manus
991 3699 1056 3741 non
1072 3675 1206 3741 incidat.
1334 3673 1336 3677 ’

443 3780 920 3862 -tms-wr-n

445 3943 603 4001 (Velenczei
617 3946 796 4008 allamkbnyv
810 3947 875 3994 Doc.
889 3945 924 3994 ΙΙ.
939 3947 955 3995 1.
973 3949 1043 4007 144.)
