3314 5300
392 385 454 448 366
744 395 977 450 breuousczmr
994 381 1161 448 citabitur.

392 584 558 647 quousque
583 560 642 628 hec
669 563 806 628 materia
820 563 909 646 pacis
927 563 990 627 erit
1006 543 1226 647 expeditam
1242 554 1438 627 conformius
1455 573 1523 624 res·

392 671 528 754 ponderi
544 671 653 754 possit.

499 778 550 843 De
566 784 662 861 parte
681 782 731 842 25.

396 919 658 989 MOOOOLXV.
676 921 728 985 die
745 919 805 986 VI.
823 920 1026 1004 Novembris.

397 1029 569 1112 sapientes
586 1028 723 1112 0⁰1¹³ilii
737 1037 770 1093 eb
890 1045 1052 1129 Quoniam
1078 1069 1115 1111 ex
1140 1045 1379 1112 conditionibus
1406 1065 1528 1124 rerum,

489 1161 505 1195 ’
552 1144 576 1201 t·
600 1136 620 1200 f·
637 1143 770 1220 excepi0
827 1162 860 1218 et
887 1161 1069 1237 temporum
1096 1155 1333 1219 occurrentium
1359 1152 1440 1216 iacit
1466 1172 1529 1234 pro

397 1242 457 1311 Ser
473 1241 583 1310 vitale
600 1243 717 1308 Laudi)
827 1268 938 1325 nostro
949 1261 1112 1340 Dominio,
1123 1261 1276 1344 expedire
1286 1259 1530 1324 hincnuntium

397 1350 456 1414 Dr·
473 1357 505 1414 θῖ
520 1351 624 1449 miii-ie
725 1445 743 1449 -
827 1369 869 1433 D.
882 1369 1048 1432 Leonardi
1060 1367 1197 1450 Despoti
1215 1368 1254 1432 dc
1266 1366 1387 1432 Sancta
1398 1365 1532 1441 Maura,

398 1476 453 1558 qui
478 1477 534 1540 diu
551 1477 603 1540 hic
620 1445 721 1557 stetit,
748 1476 954 1542 considerato
972 1477 1080 1555 etiam,
1106 1476 1192 1558 quod
1210 1475 1235 1538 J
1237 1475 1355 1538 acobus
1373 1473 1414 1536 de
1434 1473 1533 1537 Bona

398 1581 579 1664 Raguseus,
597 1585 653 1664 qui
670 1585 712 1648 ad
729 1606 788 1648 uos
804 1583 912 1647 redire
929 1582 1077 1662 debebat,
1094 1604 1157 1647 non
1175 1589 1224 1646 est
1240 1601 1416 1663 regressus,
1430 1567 1532 1661 prop-

400 1699 491 1754 terea
508 1691 597 1754 vadit
612 1712 697 1772 para,
715 1692 801 1772 quod
819 1692 967 1754 mittatur
983 1712 1042 1773 pro
1059 1692 1172 1754 nuntio
1188 1690 1290 1770 ipsius
1301 1687 1437 1750 Domini
1448 1687 1534 1750 Des-

399 1799 469 1880 poti
493 1798 667 1878 Leonardi,
700 1798 823 1880 sibique
849 1798 985 1878 dicatur,
1012 1798 1099 1880 quod
1125 1799 1151 1862 si
1177 1797 1360 1860 distulimus
1386 1797 1421 1859 in
1448 1795 1533 1858 hanc
1635 1817 1638 1822 ’

400 1925 502 1986 usque
520 1903 604 1968 diem
621 1926 692 1968 eum
710 1905 874 1987 expedire:
892 1904 926 1969 id
942 1905 1170 1986 principaliter
1185 1903 1256 1984 fuit,
1273 1904 1350 1985 quia
1367 1903 1461 1966 nobis
1478 1901 1534 1964 de-

401 2032 475 2076 cens
493 2012 597 2075 visum
615 2017 674 2092 est,
691 2032 819 2076 causam
838 2013 887 2075 sui
904 2012 945 2076 ad
962 2033 1021 2075 nos
1032 2011 1190 2074 adventus
1202 2011 1440 2074 communicare
1458 2030 1533 2073 cum

404 2119 619 2184 Serenissimo
635 2119 726 2200 Rege
743 2119 924 2201 Hungarie,
950 2118 1177 2183 confoederato
1204 2123 1326 2196 nostro,
1352 2117 1437 2181 unde
1454 2118 1535 2181 dici-

402 2248 483 2304 muS,
510 2225 595 2308 quod
622 2227 654 2289 in
676 2225 763 2290 bona
787 2227 897 2307 gratia
912 2227 1018 2290 redire
1034 2232 1144 2308 potest
1167 2225 1208 2287 ad
1225 2223 1402 2289 Domimun
1419 2223 1535 2302 Suum,
1644 2247 1649 2254 ·

403 2336 528 2418 sibique
545 2340 656 2398 nostro
673 2335 804 2398 nomine
821 2335 993 2416 explicare,
1011 2340 1152 2398 mentem
1171 2340 1317 2397 nostram
1333 2332 1414 2396 bene
1426 2331 1536 2414 dispo-

407 2434 502 2507 sitam
519 2463 589 2507 esse
606 2442 647 2505 ad
662 2462 775 2524 pacem
795 2463 868 2504 cum
879 2440 1004 2522 Turco;
1022 2462 1131 2505 rerum
1147 2441 1279 2504 mittere
1297 2439 1337 2505 ob
1354 2440 1387 2503 id
1404 2439 1447 2502 ad
1462 2439 1536 2520 ejus

404 2551 601 2634 presentiam
627 2549 799 2616 Oratorem
835 2555 982 2613 nostrum
1010 2570 1073 2612 non
1098 2547 1226 2612 videtur
1250 2547 1361 2626 nobis;
1394 2546 1537 2628 ideoque

404 2656 571 2722 notificare
595 2662 704 2738 potest
720 2655 953 2737 Flambulario,
980 2657 1034 2738 qui
1052 2655 1113 2719 sibi
1129 2656 1193 2720 dici
1210 2656 1286 2720 fecit
1302 2678 1340 2719 ex
1356 2662 1450 2738 parte
1467 2651 1540 2717 Do·

406 2764 485 2827 mini
503 2763 603 2827 Turci
628 2762 667 2826 de
693 2785 772 2845 pace
798 2763 954 2846 predicta,
979 2765 1065 2847 quod
1092 2764 1131 2827 de
1148 2764 1209 2828 hao
1225 2765 1406 2829 inreptione
1422 2769 1540 2827 nostra

406 2869 547 2936 Domino
565 2868 631 2934 Suo
655 2871 892 2953 quamprimum
910 2870 988 2934 dare
1004 2876 1112 2953 potest
1127 2873 1290 2951 noticiam,
1318 2877 1349 2934 ct
1367 2871 1443 2935 dare
1461 2892 1541 2954 ope·
1646 2829 1656 2892 ‘⁴

407 2999 488 3058 ram,
514 2976 602 3058 quod
627 2977 778 3040 mittatur
795 2976 918 3042 Orat-or
945 2979 1046 3059 ipsius
1063 2978 1161 3042 Turci
1179 3000 1250 3043 cum
1266 2979 1364 3061 pleno
1382 2978 1540 3042 mandato
1565 3029 1568 3034 ,

407 3083 599 3165 Ragusium,
626 3104 682 3146 seu
699 3083 740 3147 ad
758 3083 857 3148 alium
873 3086 989 3163 locum,
1014 3084 1059 3148 ibi
1076 3087 1268 3168 proximum.
1300 3085 1346 3149 Et
1362 3087 1401 3150 de
1418 3085 1541 3151 delibe-

408 3190 535 3254 ratione
551 3194 584 3254 et
600 3196 747 3272 tempore
763 3191 927 3255 missionis
944 3193 1046 3274 ipsius
1059 3191 1209 3258 Oratoris
1226 3194 1466 3276 quamprimum
1483 3193 1542 3257 ad-

408 3296 683 3379 visareprefatum
694 3297 870 3362 Dominum
880 3299 1098 3379 Leonardum,
1114 3307 1150 3365 ut
1166 3301 1270 3366 subito
1287 3322 1345 3365 nos
1361 3301 1543 3366 informare
1654 3291 1656 3348 ἶ

1651 3349 1656 3402 t

409 3404 524 3486 possit,
542 3405 597 3485 qui
612 3405 863 3486 providebimus,
881 3405 967 3488 quod
984 3408 1081 3471 etiam
1098 3407 1139 3471 ad
1154 3406 1237 3472 illud
1252 3414 1379 3492 tempus
1396 3409 1460 3472 erit
1475 3407 1544 3472 Ra·

410 3512 502 3592 gusij,
518 3532 574 3575 seu
591 3510 633 3574 ad
650 3511 741 3576 illum
757 3513 863 3577 locum
878 3515 1025 3596 proxime
1035 3523 1146 3580 noster
1158 3514 1281 3580 Orator
1294 3538 1364 3580 cum
1374 3517 1544 3583 mandato
1587 3585 1592 3590 ,
1653 3513 1655 3578 Ξ

411 3619 456 3682 Et
472 3617 506 3681 id
522 3619 629 3700 ipsum
646 3638 704 3700 pro
720 3625 813 3701 parte
830 3641 888 3684 sua
903 3620 1000 3684 faciet
1017 3619 1252 3687 serenissimus
1269 3622 1341 3688 Rex
1355 3621 1547 3707 Huugarie.
1653 3683 1654 3686 ,

520 3723 1020 3806 †93-1a-11.

519 3888 555 3950 (V
557 3888 677 3938 elenczei
691 3887 872 3953 allamkonyv
887 3892 946 3940 122.
961 3889 990 3951 l.)
