3292 5310
375 355 419 424 42
731 378 964 428 nircouaczmr
981 357 1148 428 sundran.

377 562 439 624 que
464 562 522 605 nos
546 563 605 624 pro
630 541 771 625 pueritia
796 548 828 606 et
849 563 1008 606 annorum
1034 541 1181 606 carentia
1196 538 1285 622 passi
1302 557 1419 617 sumus,
1444 532 1499 600 sed

375 667 414 712 ex
431 670 496 732 quo
513 649 669 716 crevimus
687 655 720 715 et
736 649 780 714 ad
796 670 899 714 annos
915 648 1116 714 discretionis
1132 645 1344 732 pervenimus,
1360 642 1498 708 similem

376 755 529 840 injuriam
555 760 589 821 et
613 755 802 822 violentiam
827 757 898 839 pati
914 756 1063 822 nolumus
1079 761 1112 820 et
1127 753 1379 836 expoliationem
1394 756 1428 814 et
1445 771 1497 814 ex-

374 863 592 946 portationem
619 863 774 947 gentium,
800 883 862 946 que
887 869 993 946 perte
1010 867 1042 926 et
1057 883 1115 944 per
1131 866 1277 928 teucrum
1294 857 1387 922 illum
1402 854 1495 920 inhu-

374 969 597 1034 manissimum
632 974 798 1051 geruntur,
830 989 888 1034 nos
914 988 987 1033 eum
1012 968 1076 1033 Dei
1103 967 1268 1052 adjutorio
1294 983 1498 1046 compescere

374 1075 569 1142 intendimus
594 1082 627 1141 et
643 1075 867 1142 Christianum
891 1075 1047 1160 populum
1073 1073 1248 1141 defendere
1266 1079 1299 1138 ot
1314 1073 1349 1137 in
1364 1069 1500 1154 amplia-

374 1183 497 1248 tionem
514 1183 701 1250 Christiane
727 1183 803 1249 fidoi
828 1183 1055 1267 proposuimus
1080 1182 1164 1246 vires
1179 1185 1309 1246 nostras
1325 1177 1501 1243 extendere

374 1296 408 1355 et
431 1291 550 1356 similia
573 1288 711 1355 ulterius
736 1311 801 1356 non
818 1289 1001 1354 consentire
1018 1295 1051 1356 et
1065 1287 1329 1373 prenominatum
1346 1285 1499 1368 Regnum

373 1395 546 1481 Hungarie
571 1397 614 1462 ad
638 1416 696 1462 nos
721 1417 873 1464 revocare
900 1403 987 1462 etex
1001 1396 1151 1463 manibus
1166 1393 1425 1461 inhumanissimi
1441 1391 1500 1456 ini·

373 1503 447 1570 mici
463 1505 603 1571 nominis
614 1504 739 1572 Christi
754 1504 904 1571 liberare.
921 1502 1031 1588 Quare
1047 1509 1079 1569 te
1089 1503 1262 1570 Matheum
1272 1503 1313 1567 de
1323 1497 1499 1583 Hunyads,

372 1616 541 1694 tamquam
565 1613 727 1678 intrusum
752 1618 787 1679 et
810 1611 963 1678 frivulum
979 1612 1155 1678 Dominum
1181 1617 1214 1676 et
1230 1630 1339 1677 omnes
1354 1614 1428 1674 tuos
1444 1609 1501 1673 ad·

373 1716 536 1800 herentes,
553 1720 609 1801 qui
625 1721 686 1786 tibi
701 1721 784 1787 dant
799 1720 966 1802 auxilium,
983 1718 1150 1785 consilium
1161 1723 1193 1784 et
1203 1718 1354 1798 favorem,
1370 1737 1429 1800 per
1439 1714 1500 1780 has

374 1830 505 1891 nostras
530 1826 658 1892 litteras
684 1825 878 1908 diffidamus,
903 1847 968 1891 non
984 1825 1109 1911 Regno,
1135 1846 1255 1908 necque
1272 1823 1425 1904 Prolatis,
1442 1828 1500 1887 aut

373 1931 533 2014 Dominis,
549 1933 668 2016 quibus
685 1939 719 1998 te
734 1935 880 2017 superbe,
903 1933 1017 2000 frivole
1034 1933 1256 2015 violenterque
1272 1932 1439 1998 dominum
1454 1929 1470 1994 f
1487 1969 1499 1982 ·

373 2037 456 2120 cisti,
483 2038 540 2104 sed
565 2041 668 2106 solum
697 2039 771 2114 illis,
800 2043 855 2124 qui
871 2039 933 2106 tihi
948 2039 1066 2119 favent,
1083 2046 1116 2106 et
1130 2039 1264 2106 iacimus
1281 2059 1339 2104 nos
1355 2045 1448 2104 tuum
1464 2041 1499 2102 ct

373 2144 504 2212 illorum
528 2167 639 2212 verum
664 2146 838 2229 inimicum,
865 2154 898 2213 et
922 2151 955 2211 te
981 2147 1154 2214 manifeste
1180 2147 1364 2214 diffidamus
1389 2167 1451 2212 nos
1467 2149 1500 2209 et

374 2271 484 2316 omnes
509 2253 613 2318 nostri
637 2253 772 2319 Domini
798 2260 831 2319 et
855 2255 1000 2321 fautores
1026 2260 1142 2320 contra
1167 2261 1200 2320 te
1216 2261 1248 2320 ot
1264 2260 1338 2320 tuos
1353 2253 1499 2320 fautores

372 2378 450 2437 esse,
475 2357 518 2424 ad
538 2359 627 2442 quod
643 2359 707 2426 Dei
724 2361 881 2427 auxilium
896 2361 1116 2445 imploramus.
1139 2362 1265 2433 Datum
1281 2363 1316 2427 in
1332 2360 1496 2427 Orakovia

371 2465 528 2531 veraciter
544 2488 607 2550 que
623 2472 673 2534 est
689 2467 850 2552 Capitalis
867 2465 990 2534 Civitas
1006 2469 1041 2534 in
1056 2469 1204 2535 Polonia

480 2627 606 2687 (milanos
618 2629 702 2680 allam
715 2631 782 2682 lttr.
801 2631 826 2680 A
838 2646 900 2682 rosz
913 2631 1061 2682 mssolstot
1073 2630 1238 2696 kiigszitani
1251 2631 1309 2699 alig
1321 2631 1459 2695 lehetstt.)

852 2810 969 2820 ,μς-..ψ
975 2811 1012 2820 --κ

908 3085 958 3144 30.

375 3235 467 3298 1458.
493 3235 578 3300 Kelet
593 3237 714 3302 natat.
747 3239 834 3303 Leve'l
851 3264 873 3302 a
888 3243 983 3306 adrat
998 3242 1251 3328 atdljdrdactqhoz
1267 3265 1289 3316 a
1306 3244 1398 3308 torst
1415 3266 1496 3310 moz-

517 3419 524 3432 „
559 3345 748 3428 palmatum
764 3347 797 3409 ts
813 3370 834 3409 a
850 3347 974 3433 leapyel
989 3349 1103 3436 kirrity
1119 3346 1300 3419 detite'adrt'l.

476 3535 579 3620 Copia
603 3539 699 3603 d'uno
716 3537 868 3623 Capitolo
894 3541 990 3608 d'una
1015 3543 1130 3609 lettere
1146 3545 1180 3608 in
1197 3543 1338 3616 Sohiavo
1354 3545 1497 3611 transla-

368 3645 441 3704 tata
457 3643 490 3706 in
507 3643 618 3724 latino,
636 3644 795 3713 directiva
810 3647 866 3711 alli
884 3649 1055 3733 Magnifici
1071 3649 1207 3716 Rectori
1223 3651 1263 3723 ds
1280 3652 1380 3718 Zara.

473 3749 620 3816 Possenti
633 3759 666 3817 et
677 3752 845 3835 Magnifici
856 3752 989 3840 Signori
1002 3759 1064 3823 moi
1075 3758 1266 3824 honorandi.
1281 3756 1359 3823 Allo
1376 3757 1493 3842 Signo-

367 3857 414 3920 rie
424 3855 543 3922 Vestro
553 3858 602 3923 sia
611 3866 688 3927 noto
700 3861 838 3926 secondo
851 3862 882 3926 el
898 3853 961 3928 mio
977 3863 1100 3946 podere
1117 3866 1159 3930 ho
1176 3865 1393 3932 determinato
1410 3866 1491 3932 farsi

367 3963 443 4044 ogni
458 3965 599 4048 servizi0,
617 3966 705 4032 siche
723 3967 848 4050 sapisti,
866 3968 925 4032 che
942 3991 1016 4036 ecco
1033 3971 1057 4035 li
1075 3971 1197 4036 Turohi
1214 3994 1274 4039 sou
1294 3971 1419 4056 passati
1441 3973 1494 4037 nel

366 4092 423 4138 suo
441 4073 614 4152 territorio,
631 4074 778 4140 havendo
795 4074 878 4140 fatto
896 4075 928 4139 di
945 4075 978 4140 la
994 4077 1028 4140 in
1048 4077 1155 4161 quelle
1172 4078 1260 4162 parti
1270 4101 1353 4162 gran
1365 4081 1451 4145 malo
1462 4086 1495 4146 et

365 4176 493 4260 damno,
509 4179 637 4262 eperlo
649 4181 761 4263 simile,
778 4180 817 4246 de
828 4201 892 4264 qua
902 4182 956 4247 via
967 4182 1047 4249 dove
1060 4204 1118 4250 son
1132 4185 1256 4268 passati
1272 4207 1332 4267 per
1343 4183 1489 4252 Oroatia.

363 4285 407 4348 El
424 4285 498 4350 fiolo
515 4285 567 4350 del
577 4287 628 4352 Re
644 4287 683 4352 de
694 4287 831 4354 Polonia
847 4311 864 4354 e
880 4295 1011 4355 cntrato
1028 4291 1063 4354 in
1077 4292 1111 4356 la
1126 4292 1273 4360 Baronia
1289 4292 1495 4375 d’Ungheria

364 4413 425 4456 oon
434 4391 545 4456 XXX
554 4394 645 4459 milla
655 4393 773 4461 cavalli
783 4395 948 4461 valendosi
964 4395 1046 4460 farsi
1056 4397 1108 4463 Re
1125 4399 1325 4483 d'Ungheria
1341 4405 1374 4464 et
1388 4402 1494 4466 ormai

364 4518 381 4564 e
407 4517 517 4586 presso
544 4499 583 4573 de
608 4501 715 4589 Buda,
739 4523 803 4573 nou
830 4499 958 4573 iacendi
984 4501 1079 4570 alcun
1106 4503 1213 4576 donno
1239 4527 1395 4577 onessun
1415 4507 1492 4598 logo
