3268 5308
635 291 637 300 ι

627 357 721 427 1460.
1046 357 1055 370 '
1199 386 1239 450 81

110 545 208 594 casus
225 529 397 613 accideret,
413 538 532 599 statum
549 556 642 602 suum
659 561 848 610 conservare
866 552 899 611 et
915 560 1125 622 manutenere
1145 559 1238 642 volet,

110 638 195 702 sicut
219 637 385 722 hucusque
410 639 487 706 fecit
512 650 545 709 et
569 647 664 712 sicuti
689 651 789 715 etiam
815 675 873 736 per
899 661 1064 742 superiora
1089 670 1240 750 tempora

109 745 316 812 Serenissimi
331 751 556 832 progenitores
572 756 622 818 sni
638 777 763 840 semper
778 759 886 828 facere
903 767 1108 837 studuerunt.

215 853 265 920 At
292 858 445 937 quoniam
471 859 629 944 Majestas
656 862 724 930 Sua
748 869 831 948 petit
850 873 977 938 anobis
994 878 1181 945 salnitrium
1199 903 1237 949 ac

3 969 4 974 ’
105 963 316 1028 munitiones*
329 971 361 1029 et
386 972 444 1030 act.
470 967 622 1034 dicimus:
648 970 746 1036 fuisse
763 996 888 1059 semper
905 985 938 1044 et
954 1003 1023 1047 esse
1040 985 1236 1054 desiderium

105 1076 255 1136 nostrum
281 1073 316 1136 in
341 1073 464 1138 cunctis
488 1076 696 1158 possibilibus
722 1077 917 1150 Serenitatis
935 1085 1000 1154 Sue
1026 1075 1236 1179 complacere,

103 1199 283 1260 sumusque
300 1179 381 1244 bene
398 1183 550 1264 contenti,
568 1185 655 1265 quod
672 1184 807 1269 deipsis
828 1192 977 1258 salnitrio
996 1203 1029 1262 et
1048 1201 1122 1266 aliis
1133 1205 1236 1268 muni-

103 1285 250 1351 tionibus
268 1309 303 1350 se
319 1286 434 1352 fulcire
451 1291 556 1372 possit
571 1295 604 1355 in
619 1294 717 1358 terris
735 1301 767 1360 et
778 1295 857 1364 loeis
867 1303 997 1368 nostris.
1013 1303 1110 1372 Oirca
1120 1309 1234 1392 locum,

103 1415 202 1476 quem
227 1395 311 1478 petit
336 1417 396 1479 pro
421 1397 558 1462 reductu
583 1421 641 1464 suo
658 1407 690 1465 et
707 1423 846 1487 suorum,
873 1411 1120 1491 respondemus:
1146 1420 1233 1499 quod

101 1524 273 1586 speramus
291 1509 324 1568 et
340 1503 538 1586 confidimus,
555 1507 642 1590 qnod
653 1507 721 1576 Sua
731 1511 890 1596 Majestas
901 1523 1104 1601 magnanime
1115 1547 1149 1590 se
1159 1549 1232 1609 pre-

100 1609 224 1675 valebit
240 1616 272 1675 et
289 1612 493 1678 conservabit
508 1612 541 1678 in
561 1621 659 1697 statu,
676 1622 713 1681 ut
734 1624 805 1685 tota
824 1629 933 1688 mente
944 1631 1099 1712 cupimus,
1117 1654 1228 1699 verum

3 1755 4 1758 =
100 1719 137 1799 si,
154 1719 236 1802 quid
253 1719 348 1801 absit,
374 1719 471 1784 aliter
487 1731 681 1806 occurreret,
706 1730 850 1794 contenti
868 1752 977 1798 sumus
994 1741 1030 1800 ut
1046 1737 1128 1804 alias
1146 1741 1227 1806 dixi-

3 1835 4 1894 }
99 1848 181 1906 mus²
211 1825 297 1909 quod
323 1848 461 1910 persona
478 1827 542 1894 Sue
558 1828 755 1899 Serenitatis
782 1856 854 1900 cum
871 1837 995 1906 familia
1011 1865 1071 1910 sua
1087 1853 1120 1912 et
1137 1847 1228 1914 bonis

3 1905 5 1996 Ξ
101 1935 170 1998 suis
197 1935 301 2016 possit
326 1936 369 2000 ad
384 1939 491 2000 terras
508 1942 541 2001 et
556 1937 628 2004 loca
643 1948 756 2007 nostra
773 1963 806 2008 se
822 1945 985 2030 reducere,
1008 1973 1084 2017 nam
1100 1976 1227 2040 semper

98 2041 311 2124 Majestatem
338 2041 440 2108 Suam
465 2049 498 2108 et
523 2066 596 2110 suos
621 2045 687 2112 leto
714 2050 821 2117 animo
848 2055 1026 2122 videbimus
1054 2067 1085 2125 et
1101 2067 1221 2129 tracta-

3 2167 5 2230 ᾗ
98 2149 214 2230 bimus,
238 2155 271 2215 et
295 2151 345 2216 ita
370 2151 548 2217 scribemus
573 2161 606 2218 et
631 2158 858 2225 mandabimus
882 2162 1079 2233 Rectoribus
1104 2173 1225 2237 nostris

3 2259 5 2328 ζ
99 2256 275 2338 Dalmatio,
292 2257 469 2340 quodcum
485 2257 601 2325 effectu
617 2259 725 2327 iacere
743 2265 891 2334 debeant.

3 2349 4 2356 ἵ
203 2366 331 2432 Ultimo
364 2367 491 2450 agimus
522 2388 659 2452 magnas
690 2374 816 2454 gratias
843 2373 1046 2445 sublimitati
1072 2381 1135 2448 Sue
1161 2407 1220 2469 pro

98 2473 352 2541 advisationibus
378 2475 475 2569 nobis
499 2475 582 2541 datis
609 2477 648 2544 de
674 2479 885 2564 dispositione
912 2493 944 2550 et
960 2487 1068 2554 animo
1085 2489 1222 2558 Comitis

98 2579 193 2646 Pauli
210 2588 323 2648 contra
339 2605 409 2664 nos,
434 2585 467 2648 in
484 2606 602 2667 quare
619 2587 804 2654 curabimus
820 2589 925 2658 facere
942 2615 996 2658 eas
1011 2599 1221 2683 provisiones,

99 2710 178 2770 quas
196 2692 367 2756 convenire
382 2693 575 2758 noverimus.

3 2771 5 2802 ἦ
200 2799 247 2863 Et
264 2799 291 2864 si
307 2799 355 2864 ita
372 2822 452 2884 opus
470 2804 539 2885 erit,
552 2802 752 2886 justificetur
768 2813 801 2870 et
817 2805 1006 2875 honestetur
1016 2813 1078 2878 hoc
1088 2837 1218 2898 respon-

97 2924 163 2969 sum
188 2912 335 2978 nostrum
360 2909 426 2974 illis
449 2908 541 2977 bonis
561 2918 594 2977 et
611 2915 829 2980 accomodatis
845 2917 960 3000 verbis,
987 2941 1051 3003 que
1070 2921 1218 3006 Collegio

96 3013 297 3082 videbuntur.

199 3123 663 3207 †125-c-1

201 3251 357 3311 (Veleuczei
372 3255 551 3320 allamkbnyv
566 3261 608 3308 24.
622 3258 651 3318 l.)

574 3438 732 3446 ———-———---

628 3676 680 3738 53.'

96 3795 189 3858 1460.
218 3794 247 3859 A
265 3797 415 3864 celeuczei
438 3779 549 3864 tondes
566 3801 757 3865 batdrozuto
773 3803 956 3886 uppuccsub
972 3825 993 3866 o
1008 3804 1154 3869 bcszuioi
1169 3809 1215 3872 a·-

308 3907 382 3992 rdlp
399 3907 563 3972 kdvetebck
579 3909 712 3974 uduudo'
726 3911 879 3975 odloszra
896 3914 997 3975 necve.

3 4031 4 4038 ἵ
93 4060 150 4127 Die
166 4064 209 4129 X.
225 4067 429 4134 Novembris·

95 4167 257 4255 sapientes
274 4175 409 4260 OOHSffiJ
606 4191 700 4278 Quod
725 4201 801 4278 post
826 4194 948 4260 factam
963 4161 1207 4278 responsionem

180 4305 195 4339 >›
270 4283 330 4348 bf·
515 4323 574 4385 per
612 4301 645 4368 S.
685 4303 860 4367 Dominum
898 4300 1023 4367 Ducem
1069 4303 1207 4385 prefatis

93 4387 468 4496 QQi
516 4394 712 4478 Oratoribus
730 4411 936 4477 Serenissimi
951 4411 1054 4494 Regis
1070 4413 1209 4479 Bossine

93 4509 153 4575 illis
168 4513 260 4580 bouis
277 4524 308 4581 et
323 4517 541 4584 accomodatis
558 4521 675 4601 verbiS,
692 4541 753 4604 que
770 4522 875 4603 magis
893 4521 988 4586 utilia
1005 4519 1207 4604 videbuntur,

133 4649 195 4684 uos.
210 4653 289 4688 uirus.
309 4654 375 4689 nisu.
392 4663 435 4673 -
451 4655 517 4690 acra
531 4657 588 4692 nxr.
605 4657 641 4691 η’.
1087 4653 1100 4698 6
