3268 5308
767 381 1001 428 orrcosmcmm
1019 366 1186 426 amasses.

953 725 1005 786 ss.
1123 683 1127 694 “

417 886 513 949 1462.
547 882 653 946 Bada.
701 882 850 948 11166661
881 907 901 946 6
933 882 1086 946 6616116661
1122 881 1333 961 kiiztdreoartp
1358 865 1529 964 fojedelmc't

416 991 571 1075 indocilis
588 1015 609 1054 6
625 993 715 1055 111νὸ16
731 992 894 1076 1196616661,
912 1015 933 1054 6
946 989 1124 1055 (1161661661
1140 990 1236 1054 11ὄ1ὃ11
1252 973 1530 1071 1116666161116

415 1098 570 1182 boszopa'lr
586 1097 766 1182 lirctlylyal
783 1099 855 1162 calo
870 1099 1058 1182 virzonpro'l‚
1082 1119 1121 1160 oz
1137 1093 1424 1180 orszdppyitlemtl,
1450 1117 1470 1156 6
1485 1093 1531 1154 lco-

655 1225 734 1269 6666
751 1206 985 1272 oisezoezerze'se
1002 1205 1106 1268 1661611
1122 1202 1304 1288 le'pe'selcrr'll.

523 1401 738 1467 Serenissimo
751 1401 907 1484 Princeps
924 1407 983 1466 661.
1001 1399 1069 1465 Adi
1079 1397 1166 1464 XII.
1182 1399 1225 1464 (16
1235 1398 1340 1464 Vacia
1357 1400 1411 1464 ala
1420 1397 1535 1466 Vestra

417 1509 568 1577 Serenita
585 1509 701 1574 scrisse
718 1510 758 1574 de
774 1509 890 1590 turchi,
907 1509 1018 1591 quello
1035 1530 1068 1572 se
1085 1509 1219 1587 6661166,
1245 1513 1278 1571 61
1293 1507 1368 1572 dela
1385 1505 1535 1572 delibera·

415 1619 503 1682 tione
520 1615 610 1682 16616
626 1639 684 1701 per
700 1624 818 1700 questa
833 1616 941 1701 Regia
957 1616 1089 1681 Maesta
1105 1615 1145 1679 de
1162 1616 1300 1679 mandor
1317 1615 1348 1679 el
1364 1613 1535 1696 Magnifice

414 1723 571 1789 [ladislao
588 1724 689 1792 chei
719 1725 821 1789 baron
847 1732 880 1790 61
906 1722 1127 1789 mareschalco
1144 1722 1185 1787 de
1201 1723 1234 1786 la
1249 1729 1340 1788 corte
1357 1724 1389 1787 in
1407 1743 1464 1787 suo
1481 1743 1538 1786 66(-

415 1831 586 1896 bassatore
611 1831 643 1896 al
660 1829 794 1897 Summo
811 1831 980 1910 Pontifioe,
1007 1836 1040 1894 61
1065 1834 1188 1913 quanto
1212 1829 1416 1895 1611666616
1432 1830 1539 1894 comis·

415 1937 511 2002 sione.
550 1937 641 2002 Dissi
667 1941 765 2003 etiam
791 1938 863 2004 dele
889 1936 1539 2023 6661161616666666666161Μ63611166
1618 2019 1623 2028 ι

415 2044 503 2110 16616
512 2044 644 2127 Boemo,
660 2065 733 2110 cum
750 2047 779 2110 el
796 2046 846 2111 Re
863 2048 896 2112 di
913 2047 1036 2111 Bosina
1051 2051 1084 2111 61
1100 2045 1214 2110 ultimo
1232 2068 1305 2111 cum
1320 2044 1540 2128 l’Imperador,

415 2174 473 2236 per
489 2152 523 2218 la
539 2153 616 2234 qual
632 2173 754 2217 caxone
771 2156 826 2236 qui
843 2176 899 2218 era
916 2160 949 2218 61
967 2154 1024 2218 661
1034 2152 1317 2219 Reverendissimo
1328 2150 1540 2218 Arcivescovo

415 2260 456 2325 (16
473 2258 579 2326 Crede
596 2265 629 2325 61
645 2261 754 2344 qr'rello
771 2263 870 2325 etiam
886 2263 920 2324 in
937 2262 1022 2326 dicte
1039 2261 1176 2326 materie
1193 2261 1221 2325 si
1238 2281 1376 2344 sperava
1403 2265 1464 2325 ect.
1495 2257 1540 2324 Le

415 2369 492 2449 qual
517 2367 633 2432 lettere
658 2369 800 2451 assignai
825 2367 1091 2434 6.]661Τ666116
1118 2370 1182 2433 mio
1208 2370 1338 2433 corricr.
1378 2367 1488 2451 Dapoi
1512 2367 1542 2430 16
1628 2366 1629 2369 ’

416 2473 547 2538 adviato
574 2475 662 2539 dicto
687 2474 921 2555 66166661666,
947 2497 985 2539 66
1011 2477 1097 2541 61166
1121 2475 1164 2538 ha
1179 2474 1300 2539 havuto
1317 2475 1350 2538 in
1367 2474 1538 2540 comisione

417 2577 449 2642 di
466 2582 572 2662 quello
590 2604 648 2664 per
665 2583 753 2647 dicte
769 2585 832 2648 mic
848 2583 937 2648 (11661.

522 2685 574 2751 De
600 2688 634 2753 la
650 2690 777 2770 pratica
793 2695 906 2754 166616
923 2713 995 2755 cum
1012 2691 1042 2754 61
1058 2690 1237 2774 Magnifice
1254 2690 1345 2755 16616
1361 2712 1379 2755 6
1395 2710 1541 2754 successa
1631 2698 1632 2701 ’

415 2793 501 2859 bona
518 2795 722 2861 conclusione
738 2796 771 2860 in
789 2802 903 2880 questo
920 2799 1016 2862 modo
1033 2819 1106 2863 coe:
1126 2799 1153 2862 si
1170 2798 1214 2862 ha
1230 2797 1308 2866 (1616
1319 2797 1408 2862 16616
1425 2797 1541 2861 intuto
1632 2801 1633 2812 ’

415 2901 470 2967 616
486 2901 656 2968 devotione
674 2905 713 2968 (16
730 2911 845 2988 questo
862 2905 981 2988 Signor
997 2905 1058 2985 116,
1084 2913 1117 2970 61
1134 2889 1280 2986 obligato
1296 2905 1444 2971 restituir
1462 2908 1545 2969 tutte

415 3009 547 3074 castelle
573 3018 605 3074 61
620 3011 770 3095 16616666,
799 3013 857 3077 che
873 3035 932 3096 per
948 3013 1002 3096 luy
1019 3021 1051 3077 61
1068 3016 1188 3079 666166
1205 3020 1364 3078 16666666
1381 3012 1413 3076 16
1431 3017 1544 3095 questo
1606 3073 1610 3078 .
1628 3039 1633 3059 ³

415 3115 541 3197 Regno,
560 3122 592 3180 61
609 3119 642 3182 16
660 3141 719 3184 666
730 3120 860 3185 Μ66616
877 3143 893 3184 6
910 3121 1057 3204 obligata
1073 3143 1092 3185 a
1108 3122 1236 3204 prefato
1247 3120 1333 3188 ’.16616
1350 3120 1430 3184 (1666
1441 3118 1548 3183 fiorini
1632 3109 1633 3112 ¹

417 3221 485 3285 XL
501 3221 615 3304 millia,
633 3233 682 3288 tre
699 3226 803 3290 millia
819 3229 858 3291 (16
876 3235 1036 3311 presente,
1057 3226 1127 3296 XV
1143 3229 1247 3293 millia
1263 3228 1316 3293 ala
1332 3227 1418 3292 16616
1434 3226 1469 3290 (11
1480 3223 1548 3290 San

413 3329 552 3396 Jaoorno
578 3338 611 3395 61
637 3331 668 3396 61
692 3337 781 3396 66616
807 3333 860 3398 616
885 3335 948 3399 166
964 3335 1019 3399 (161
1035 3358 1128 3415 6666,
1155 3335 1289 3400 6166661
1305 3335 1345 3399 (16
1361 3339 1547 3418 presentee

411 3438 576 3503 restituito
603 3461 667 3504 uno
693 3441 829 3505 66616116
855 3449 888 3507 61
915 3443 961 3525 gli
987 3443 1063 3507 altri
1088 3443 1311 3507 restituirasse
1328 3442 1368 3505 (16
1384 3444 1497 3523 tempo
1513 3440 1547 3504 in

413 3550 520 3627 tempo
548 3547 685 3611 secondo
712 3547 722 3611 i
747 3551 945 3630 pagamenti.
984 3547 1040 3615 Da
1056 3557 1207 3631 preterea
1222 3549 1255 3614 16
1271 3548 1401 3632 prefata
1417 3549 1550 3614 Maesta

412 3673 432 3716 6
449 3652 535 3717 (11616
546 3653 634 3718 16616
651 3677 714 3720 666
732 3657 867 3721 66616116
884 3657 918 3720 (11
933 3657 966 3721 16
982 3656 1057 3722 (1616
1069 3657 1149 3722 Tiza
1165 3657 1204 3720 de
1219 3657 1350 3721 rendita
1372 3655 1411 3720 de
1431 3653 1550 3738 fioriny

415 3758 502 3824 inille
531 3764 699 3827 annuatim
725 3771 757 3829 61
782 3764 872 3828 661(16
898 3786 956 3847 per
982 3767 1084 3831 cavali
1102 3763 1160 3830 GL
1177 3765 1231 3830 616
1247 3765 1411 3843 continua,
1439 3763 1500 3829 che
1516 3766 1550 3828 in
1632 3821 1633 3828 ,

412 3868 514 3932 666116
531 3890 547 3932 6
565 3874 654 3935 61616
671 3873 798 3953 optima
814 3893 897 3952 6666,
915 3874 1034 3955 perche
1052 3878 1167 3956 questo
1182 3893 1293 3955 regno,
1308 3871 1368 3935 che
1384 3871 1552 3958 incessam

411 3981 461 4040 ter
478 3974 521 4039 da
537 3977 647 4058 quella
669 3985 764 4060 parte
777 4000 834 4044 era
845 3979 1028 4061 molestato,
1045 3983 1147 4046 havra
1157 3981 1266 4063 quiete
1276 3985 1309 4043 et
1319 3985 1418 4061 potra
1428 3980 1552 4063 meglio

423 4081 473 4146 616
490 4104 563 4147 6666
578 4085 619 4150 (16
637 4084 759 4150 Turchi
777 4088 955 4154 attendere.
1427 4167 1430 4174 ,

524 4189 577 4255 1)6
605 4192 637 4256 16
662 4195 800 4258 materia
821 4194 873 4258 166
890 4201 1004 4276 questo
1021 4194 1140 4276 Signor
1157 4194 1207 4258 Rc
1224 4200 1257 4258 61
1272 4192 1323 4258 Re
1341 4193 1381 4258 de
1398 4193 1553 4275 Bossina

409 4299 550 4364 Seeondo
567 4323 624 4382 per
641 4301 727 4365 dicte
744 4304 808 4366 mie
826 4302 940 4367 ultime
958 4303 1076 4383 6661661,
1101 4322 1172 4366 cum
1190 4302 1213 4365 li
1231 4301 1460 4367 ambassadori
1479 4306 1554 4369 suoi

409 4407 518 4471 niente
543 4408 666 4473 anchor
695 4430 711 4471 6
738 4410 898 4489 66661666,
923 4429 984 4491 pur
1009 4430 1102 4490 spero
1131 4411 1195 4474 imo
1222 4408 1385 4474 mirando
1403 4416 1498 4476 certo
1517 4434 1553 4478 se
1631 4489 1633 4498 1

411 4533 569 4576 66666666
596 4515 671 4595 ogni
700 4514 857 4579 difficolta
883 4537 953 4578 cum
981 4514 1095 4598 (linari,
1123 4517 1261 4580 maxime
1279 4538 1337 4599 per
1354 4517 1491 4581 66116166
1509 4521 1552 4584 ad
