3256 5304
729 375 963 422 orrnonnonmr
979 362 1147 420 cusanus.

907 719 979 778 154.

379 885 472 945 1463.
500 880 527 943 Α
550 881 701 942 oeleccaea'
725 879 943 942 dllamtcac'ca
969 877 1061 940 levale
1088 901 1109 940 a
1133 878 1281 960 populos
1308 900 1328 938 a
1346 877 1417 961 lipo
1437 879 1471 940 a¹s
1493 903 1514 941 c

673 989 764 1052 tiiro'k
781 987 876 1050 ellani
892 987 995 1071 seqa'ly
1011 986 1204 1070 tarpydlraa.

375 1181 664 1252 MOOOOLXIIL
681 1181 733 1246 die
751 1179 850 1249 XVI.
867 1178 1071 1244 Novembris.

786 1288 918 1356 Summo
936 1289 1097 1354 Pontifici.

481 1399 578 1484 Quod
603 1401 724 1465 dudum
749 1421 873 1464 summo
899 1399 1007 1464 studio
1032 1395 1284 1480 concupivimus,
1311 1396 1511 1464 Beatissimo

374 1512 486 1592 Pater,
498 1510 569 1594 jam
584 1511 714 1575 tandem
733 1531 831 1592 opera
849 1509 1089 1592 sapientissima
1101 1505 1296 1572 Sanctitatis
1307 1505 1428 1575 Vestro
1441 1506 1509 1572 fac-

373 1624 443 1684 tum
459 1624 516 1684 est
534 1617 720 1702 Speremus,
737 1619 818 1684 etin
836 1639 977 1701 superna
993 1617 1164 1681 clementia
1183 1613 1415 1698 Redemptoris
1433 1637 1509 1679 nos-

374 1726 418 1789 tri
443 1725 596 1791 fiduciam
631 1726 773 1807 gerimus
799 1746 839 1788 ex
863 1725 944 1790 inito
968 1724 1078 1789 federe
1102 1729 1218 1788 contra
1248 1722 1509 1805 perfidissimum

373 1834 500 1899 hostem
531 1831 675 1898 Turcum
699 1833 733 1897 in
763 1833 922 1898 honorem
953 1838 987 1898 et
1018 1831 1158 1914 gloriam
1190 1829 1357 1896 Creatoris
1390 1833 1507 1910 nostri,

373 1941 577 2023 salutemque
603 1939 797 2023 Reipublice
822 1939 999 2005 christiane
1023 1939 1128 2004 multa
1151 1939 1237 2004 bona
1261 1937 1375 2003 confici
1401 1959 1509 2021 posse,

374 2069 479 2130 neque
496 2055 546 2113 est
561 2047 648 2132 apud
664 2071 723 2114 nos
741 2049 883 2130 dubium,
906 2048 994 2132 quod
1013 2070 1073 2131 pro
1090 2053 1212 2130 quanto
1229 2046 1271 2112 ad
1287 2047 1424 2111 classem
1441 2068 1509 2110 ma·

374 2155 531 2220 rittimam
555 2161 589 2220 et
613 2157 729 2220 navale
745 2155 866 2224 bellum
884 2161 1031 2239 spectare
1048 2161 1163 2238 potest,
1190 2154 1357 2220 Sanctitas
1373 2152 1509 2233 Vestra,

374 2263 621 2330 Illustrissimus
638 2263 799 2331 Dominus
814 2263 1006 2347 Burgundio
1022 2263 1108 2344 Dux,
1134 2284 1172 2328 ac
1196 2283 1256 2327 nos
1281 2265 1329 2326 ita
1356 2267 1507 2345 potentes

376 2372 504 2454 erimus,
529 2379 568 2438 ut
584 2372 693 2438 divino
711 2371 838 2446 favente
854 2373 994 2453 numine,
1019 2372 1199 2436 marittima
1215 2371 1377 2454 expeditio
1393 2369 1506 2434 felices

374 2501 540 2546 successus
565 2479 719 2546 habitura
744 2481 795 2545 sit.
834 2478 883 2545 At
899 2502 1009 2564 quum,
1034 2487 1071 2545 ut
1087 2480 1333 2547 Beatitudinem
1349 2477 1507 2547 Vestram

373 2586 469 2670 longe
486 2587 636 2671 amplius,
662 2609 759 2672 quam
776 2608 844 2669 nos,
870 2588 988 2654 scimus
1005 2611 1070 2654 non
1086 2589 1243 2672 preterire
1260 2587 1506 2654 adconterren·

373 2694 458 2775 dum,
475 2697 796 2780 oppugnantiumque
812 2696 948 2777 hostem,
964 2697 1129 2780 expeditio
1145 2695 1506 2763 terrestrisnecessaria

373 2806 432 2883 est,
457 2804 693 2886 presertimque
718 2825 776 2888 per
804 2805 888 2870 viam
905 2805 1088 2888 Hungarie,
1115 2827 1178 2889 que
1194 2805 1320 2870 'lurcos
1336 2825 1411 2887 sepe
1428 2824 1505 2868 cum

373 2931 485 2975 eorum
506 2912 633 2994 ingenti
649 2911 740 2977 clade
758 2913 914 2996 conflixit,
940 2920 1229 2978 commemorantes
1244 2917 1430 2977 reverenter
1447 2909 1505 2974 du·

372 3017 477 3083 ximus
503 3018 679 3084 Sanctitati
696 3020 826 3104 Vestro,
856 3042 991 3105 regnum
1018 3021 1190 3103 Hungaric
1222 3020 1345 3084 dudum
1375 3018 1505 3100 magnis

372 3125 691 3209 depopulationibus,
716 3126 879 3209 variisque
905 3127 1147 3193 calamitatibus
1170 3147 1370 3210 oppressum,
1396 3145 1504 3190 neces·

373 3233 469 3297 sariis
493 3232 644 3316 presidiis
671 3254 751 3316 opus
769 3233 897 3315 habere,
924 3239 992 3298 tam
1009 3234 1267 3318 permissionem
1283 3235 1379 3298 unius
1397 3233 1504 3298 Reve-

371 3339 557 3406 rendissimi
566 3339 693 3423 Legati,
710 3363 806 3423 quam
822 3363 881 3424 per
896 3343 1113 3424 provisionem
1123 3344 1343 3425 pecuniarum,
1359 3363 1417 3425 per
1426 3341 1503 3406 illos

371 3447 484 3512 modos
501 3448 805 3530 contrahendarum,
831 3471 912 3532 quos
929 3449 1105 3515 Beatitudc
1125 3451 1246 3518 Vestra
1261 3451 1421 3531 meliores
1436 3450 1503 3516 uti·

371 3555 533 3638 lioresque
559 3555 694 3636 noverit,
722 3557 887 3639 presentia
904 3559 988 3622 enim
1005 3559 1106 3641 legati
1123 3561 1341 3643 maximopere
1358 3557 1503 3624 conferet

371 3661 468 3728 rebus
484 3664 557 3728 illis.
581 3663 690 3729 Multa
705 3666 738 3729 in
755 3671 899 3748 tempore
916 3665 1129 3749 disponentur
1146 3668 1350 3750 auctoritate,
1366 3668 1502 3733 consilio

372 3775 403 3835 et
420 3771 583 3854 sapientia
600 3792 668 3852 sua,
685 3791 747 3853 que
764 3773 791 3837 si
808 3793 897 3837 secus
914 3780 1077 3858 ageretur,
1092 3795 1301 3858 nequaquam
1316 3775 1388 3840 fieri
1404 3797 1501 3860 posse

370 3884 526 3944 tenemus,
560 3875 632 3962 Ope
657 3880 868 3962 pecuniarum
884 3881 1168 3965 percipiendarum
1184 3883 1323 3950 validior
1340 3883 1500 3948 exercitus

371 3987 476 4070 primo
501 3992 648 4068 tempore
674 3988 758 4052 siout
784 3989 914 4052 omnino
931 3989 1082 4071 expedit:
1107 3991 1218 4072 parari
1234 3991 1364 4072 poterit,
1389 3991 1500 4074 sicque

370 4094 480 4160 hostes
496 4094 619 4176 exinde,
638 4095 692 4175 qui
708 4095 830 4159 dudum
842 4096 1069 4178 Hungarioam
1080 4098 1233 4160 virtutem
1243 4098 1370 4180 experti
1379 4103 1412 4162 et
1422 4119 1442 4162 a
1454 4098 1501 4162 di·

370 4204 471 4268 versis
487 4203 635 4286 partibus
650 4204 834 4287 propulsati
852 4225 889 4270 eo
907 4204 1034 4268 facilius
1052 4205 1231 4288 expugnari
1248 4210 1411 4289 poterunt,
1437 4209 1500 4271 vic·

371 4317 523 4392 torosque
549 4311 686 4376 evadent
702 4309 828 4376 Christi
848 4311 960 4378 fideles
977 4314 1132 4378 adversus
1149 4314 1409 4396 potentissimum
1427 4313 1499 4380 hos·

370 4424 446 4485 tem.
463 4417 568 4485 Orare
584 4426 757 4504 propterea
773 4419 930 4504 volumus,
948 4429 1070 4505 quanta
1081 4443 1254 4506 possumus
1265 4444 1354 4500 cura,
1370 4420 1498 4487 Sancti-

369 4531 472 4592 tatem
488 4525 654 4608 Vestram,
670 4535 707 4593 ut
724 4529 820 4596 rebus
835 4530 908 4595 istis
924 4529 1095 4613 Hungarie
1113 4530 1323 4597 neccessariis
1339 4532 1495 4615 provisio·
