3268 5308
390 359 453 430 lae
741 375 975 426 amnonscarsr
993 356 1160 423 surtran.

387 550 455 608 tum
491 543 524 606 iu
549 538 730 606 muniendis
764 541 844 606 locis
878 541 999 605 nostris
1023 537 1167 622 partium
1191 532 1340 600 Orientis
1370 525 1507 596 finitimis

387 651 484 730 hosti,
501 650 651 734 gentibus
667 655 699 713 et
715 650 877 734 presidijs,
893 669 1020 714 eramus
1036 655 1146 712 tamen
1156 645 1302 710 contenti
1312 641 1507 708 contribuere

388 759 478 825 illam
493 763 622 842 partem
639 757 733 822 istius
750 757 891 840 expensi,
907 777 970 840 que
987 756 1102 821 decens
1119 759 1152 820 et
1161 754 1299 818 honesta
1309 757 1404 816 esset.
1421 749 1508 816 Circa

387 866 448 930 hec
472 865 682 949 patefecimus
707 864 845 930 libenter
859 885 916 928 cor
932 868 1077 930 nostrum
1093 859 1222 944 prefato
1238 857 1417 942 Magnifice
1434 853 1508 920 Ora-

388 975 462 1056 tori,
479 979 516 1036 ut
532 972 640 1037 omnia
657 972 741 1037 sicut
756 971 851 1036 nobis
867 970 929 1036 sibi
946 975 1060 1053 aperta
1077 970 1151 1050 sint,
1168 986 1339 1050 speramus
1359 963 1508 1049 siquidem

388 1101 446 1166 per
469 1080 555 1146 huno
581 1080 649 1164 ejus
674 1100 840 1146 accessum
853 1080 961 1144 omnia
976 1078 1010 1143 in
1026 1078 1141 1143 melius
1157 1096 1354 1154 successura,
1377 1073 1509 1138 felicem-

390 1210 451 1272 que
467 1190 590 1254 exitum
606 1193 818 1253 consecutura
835 1208 912 1252 esse.
929 1187 974 1253 Et
990 1208 1058 1268 noe,
1074 1191 1110 1250 ut
1126 1207 1188 1269 que
1205 1183 1355 1264 diximus,
1369 1182 1437 1266 jam
1446 1185 1509 1244 tan·

389 1295 462 1361 dem
487 1297 598 1380 perfici
622 1292 759 1380 possint,
784 1295 866 1360 nihil
882 1315 1026 1377 unquam
1041 1315 1079 1357 ex
1095 1299 1189 1376 parte
1204 1297 1316 1356 nostra
1332 1287 1510 1373 pretermis-

390 1423 458 1466 surr
474 1424 592 1470 sumus.

499 1510 541 1593 4-
590 1515 653 1577 rsa
701 1549 744 1560 -
793 1516 812 1574 a
860 1547 903 1556 -
951 1515 979 1574 a
1035 1517 1039 1526 ·

500 1672 657 1732 (Velenczei
670 1674 755 1723 dllam
770 1674 825 1723 ltdr
840 1678 882 1722 83.
896 1675 926 1733 l.)

876 1867 1035 1878 -ο--ι--ν-

926 2103 981 2163 81.

393 2268 488 2331 1462.
521 2261 551 2328 A
568 2262 721 2328 veloaozei
746 2262 967 2326 dllamtorrdcs
990 2286 1011 2324 a
1027 2264 1130 2347 pdpdt
1147 2285 1167 2325 α
1184 2281 1326 2346 mappas
1341 2259 1457 2346 kirtly
1471 2260 1515 2322 la·-

389 2373 551 2459 cdascipai
566 2375 655 2436 irdrtt
671 2371 870 2450 tuddsitvdrr,
887 2369 987 2433 encrlr
1003 2370 1176 2449 kdrelmeit,
1190 2391 1256 2454 app
1272 2392 1293 2432 a
1310 2369 1400 2432 tdro‘lc
1416 2367 1515 2452 sepdlp

512 2480 594 2544 mint
611 2503 651 2544 az
668 2479 792 2564 erdelyi
805 2478 946 2565 pdspblrr'
964 2471 1036 2541 szdlr
1056 2478 1238 2563 tdrpydbac
1258 2476 1400 2560 ajdraljo.

390 2670 667 2740 MOOOOLXII.
678 2674 729 2737 die
744 2674 869 2742 XXX.
884 2674 1012 2757 Martij.

499 2780 631 2860 Summo
650 2779 804 2847 Pontifici
821 2780 884 2846 Pio
901 2780 1050 2846 secundo.

391 2888 561 2973 Sapientes
578 2887 714 2974 OOflSflll
733 2896 767 2953 et
866 2907 1062 2989 Postquam
1086 2905 1144 2970 sub
1170 2904 1223 2970 die
1248 2905 1333 2970 XX.
1358 2906 1517 2989 presentis

483 3023 498 3057 ⁸
591 3004 614 3063 i·
638 2997 659 3062 f·
822 3013 863 3080 ab
879 3013 1123 3082 Beatitudinem
1133 3012 1289 3081 Vestram
1304 3014 1432 3080 litteras
1449 3035 1517 3078 nos·

557 3088 756 3100 ρι--ι--ο--ι-

390 3129 459 3187 tras
475 3121 623 3188 dedimus
640 3143 712 3187 cum
729 3123 860 3187 insertis
877 3122 1032 3206 exemplis
1048 3143 1202 3187 novorum
1218 3144 1258 3187 ex
1274 3121 1450 3204 Hungaria
1464 3120 1517 3187 ha·

391 3229 543 3310 bitomm,
559 3230 623 3294 huo
639 3231 763 3312 attigit,
778 3237 810 3294 et
827 3231 869 3296 ad
885 3252 942 3296 nos
959 3251 994 3295 se
1011 3231 1149 3295 contulit
1164 3253 1248 3297 unus
1265 3229 1471 3296 Seoretarius
1488 3236 1517 3294 et
1617 3315 1621 3320 Ι

391 3336 514 3404 Orator
529 3339 635 3422 Regie
650 3337 838 3422 Majestatis
855 3339 1038 3422 Hungarie,
1055 3339 1111 3422 qui
1127 3339 1171 3403 ad
1180 3344 1389 3423 conspectum
1400 3337 1518 3407 Vestro

390 3443 610 3511 Beatitndinis
636 3443 860 3530 proficiscitur,
895 3469 955 3531 pro
980 3447 1030 3511 his
1055 3447 1226 3530 presertim
1252 3447 1446 3529 rebusque
1477 3445 1518 3512 ad

390 3558 538 3618 sanctam
554 3553 738 3638 generalem
757 3555 994 3640 expeditionem
1010 3560 1124 3620 contra
1140 3553 1292 3635 Turoum,
1320 3558 1354 3619 et
1378 3553 1422 3619 ad
1447 3575 1519 3638 par-

389 3659 542 3728 ticularia
557 3662 701 3746 presidia
717 3664 843 3730 interea
859 3662 1040 3730 exhibenda
1055 3663 1171 3747 Regno
1197 3662 1371 3748 Hungarie
1397 3662 1519 3727 dudum

389 3769 484 3834 bellis
501 3776 533 3835 et
559 3769 738 3838 infidelium
766 3772 913 3839 cladibus
938 3772 1048 3838 aflioto
1073 3773 1237 3856 pertinere
1261 3777 1408 3858 possunt,
1434 3773 1519 3835 circa

389 3899 451 3960 que
467 3877 552 3942 idem
569 3877 692 3945 Orator
707 3879 847 3963 plurima
863 3880 956 3945 nobis
973 3879 1064 3962 dixit,
1080 3902 1142 3964 que
1167 3902 1227 3965 pro
1253 3885 1366 3946 nostra
1392 3885 1520 3944 senten-

389 3985 439 4050 tia
455 3983 497 4050 ad
513 3985 661 4070 salutem,
678 3992 712 4052 et
727 3986 848 4052 bonum
867 3991 988 4053 statum
1014 3988 1190 4053 christiane
1215 3987 1382 4070 religionis
1409 3988 1519 4070 magni

388 4092 541 4178 ponderis
568 4101 654 4179 sunt,
684 4117 723 4161 ea
749 4086 857 4162 omnia
882 4097 952 4179 ipse
977 4117 1086 4163 coram
1110 4095 1232 4166 Vestra
1257 4096 1442 4162 Clementia
1468 4117 1520 4161 ex-

390 4202 537 4284 plicabit,
562 4224 622 4268 nos
648 4225 723 4270 vero
749 4204 814 4271 Sue
839 4203 1021 4288 Spectabili
1039 4226 1099 4288 pro
1125 4211 1248 4290 quanto
1265 4205 1308 4270 ad
1331 4203 1518 4288 generalem

389 4311 627 4394 expeditionem
652 4315 781 4396 attinet,
805 4335 994 4398 responsum
1018 4315 1239 4398 gratissimum
1264 4313 1423 4394 dedimus
1444 4311 1518 4378 offe·

388 4423 496 4482 rentes
527 4441 586 4502 pro
612 4422 759 4501 portione
783 4427 896 4488 nostra
921 4424 954 4488 in
981 4424 1089 4489 omnia
1114 4423 1343 4488 concernentia
1359 4421 1519 4488 honorem

388 4523 463 4608 Dei,
494 4523 684 4612 felicemque
709 4531 832 4595 exitum
858 4531 1072 4614 expeditionis
1103 4529 1272 4616 ejusmodi.
1296 4528 1517 4596 Patefecimus
