3268 5308
354 275 419 344 164
706 293 941 344 υινιοΜΑοκιΑι
957 271 1126 342 nucinas.
1166 307 1168 312 v

456 455 621 518 Mittimus
638 454 681 518 ad
697 460 728 518 te
745 455 797 519 his
813 455 983 539 adjunctas
1001 455 1129 520 litteras
1139 453 1259 537 prefati
1270 445 1476 518 Sereuissimi

348 562 459 642 Regis,
476 563 648 627 directivas
664 564 770 644 primo
787 560 920 627 Oratori
946 562 1021 644 Suo,
1039 565 1093 645 qui
1120 561 1162 625 ad
1187 561 1352 644 potentias
1379 559 1481 624 Italas

349 693 383 733 se
408 668 553 747 contulit,
579 689 660 750 quas
687 669 842 749 volumus,
867 668 953 751 quod
985 668 1047 733 sibi
1079 673 1270 750 presentare
1295 667 1421 746 debeas,
1452 668 1484 728 si

350 776 426 841 illuc
438 776 600 858 attigerit,
616 776 667 840 vel
683 778 922 858 quamprimum
938 775 983 842 ibi
1000 777 1071 839 erit.
1088 776 1134 840 nt
1150 773 1319 858 quomode,
1337 780 1373 838 ut
1386 773 1486 854 scrip-

351 885 395 948 sit
411 882 502 948 uobis
520 881 721 947 Secretarius
738 890 848 948 noster
864 884 897 948 in
913 884 1098 964 Hungaria,
1114 883 1170 966 qui
1186 883 1286 946 etiam
1302 881 1343 945 de
1369 879 1484 945 ordine

352 990 550 1056 Serenitatis
569 987 634 1054 Sue
651 989 739 1054 misit
755 989 796 1054 ad
813 1013 871 1056 nos
888 993 1015 1073 copiam
1031 992 1176 1073 ipsarum
1192 989 1389 1068 litterarum,
1404 988 1486 1052 licet

349 1099 425 1164 Rex
440 1098 508 1180 ipse
524 1096 655 1162 ordinet
671 1097 732 1161 sibi
749 1119 807 1179 per
823 1099 953 1162 litteras
969 1097 1067 1181 ipsas,
1084 1096 1172 1178 quod
1188 1117 1261 1161 cum
1286 1102 1409 1178 quanto
1424 1095 1483 1159 ha·

350 1207 458 1272 buerit
483 1203 608 1268 aSum.
625 1203 785 1268 Pontifice
811 1206 943 1271 recedat
959 1204 1123 1270 rediturus
1149 1205 1192 1270 ad
1217 1201 1350 1290 Regem,
1375 1223 1483 1285 neque

350 1313 512 1390 voluisset,
528 1311 616 1393 quod
635 1311 676 1376 ad
692 1311 855 1394 potentias
873 1312 968 1377 Italic
986 1313 1182 1392 accessisset,
1206 1317 1316 1374 tamen
1343 1309 1487 1388 videtur,

351 1419 438 1503 quod
462 1419 496 1482 in
521 1419 640 1482 litteris
666 1419 745 1502 ipsis
772 1421 816 1484 sit
832 1420 971 1502 quedam
990 1418 1114 1501 cedula,
1130 1440 1189 1500 per
1205 1439 1303 1501 quam
1318 1417 1383 1501 ipsi
1400 1417 1488 1484 Ora-

352 1527 416 1590 tori
432 1524 505 1590 Rex
517 1524 619 1607 jubet,
635 1525 722 1608 quod
739 1527 827 1591 circa
851 1525 991 1590 reditum
1018 1547 1121 1608 suum,
1148 1526 1198 1590 vel
1225 1547 1300 1606 non,
1326 1529 1486 1607 sequatur

353 1633 536 1714 opinionem
552 1639 707 1713 nostram,
723 1620 982 1716 volumus,'quod
997 1635 1059 1716 ipsi
1081 1633 1216 1701 Oratori
1233 1632 1341 1698 dicere
1358 1632 1490 1712 debeas,

355 1739 441 1822 quod
467 1739 546 1803 utile
578 1761 647 1804 esse
672 1747 832 1822 putamus,
864 1741 949 1822 quod
975 1741 1082 1806 adhuc
1106 1741 1175 1806 illic
1201 1739 1333 1806 differre
1358 1740 1496 1821 debeat,

359 1846 566 1929 solicitetque
595 1846 739 1930 presidia
770 1845 859 1930 apud
890 1846 923 1912 S.
955 1848 1157 1931 Pontificem,
1198 1855 1231 1914 et
1262 1847 1371 1932 aliter,
1403 1847 1492 1910 sicut

358 1954 472 2020 melius
503 1961 537 2017 et
566 1955 679 2019 utilius
711 1977 781 2020 esse
813 1957 1017 2038 cognoverit;
1052 1956 1092 2020 de
1118 1977 1183 2038 qua
1208 1955 1342 2038 quidem
1366 1975 1404 2018 re
1428 1975 1492 2018 nos

360 2063 457 2126 etiam
473 2061 594 2126 litteris
612 2066 732 2126 nostris
750 2085 808 2145 per
823 2062 965 2127 medium
983 2062 1159 2150 Secretarij
1178 2064 1282 2128 nostri
1300 2063 1334 2126 in
1349 2059 1494 2143 Hunga·

357 2171 407 2232 ria
422 2168 577 2232 noticiam
593 2167 743 2232 dabimus
758 2169 806 2234 illi
827 2167 1039 2234 Serenissimo
1064 2169 1159 2252 Regi,
1184 2191 1281 2252 quem
1306 2189 1371 2234 non
1397 2166 1494 2232 dubi-

356 2284 464 2340 tamus
481 2276 561 2341 bene
579 2283 769 2342 contentum
784 2296 1031 2358 permansurum
1048 2299 1126 2342 esse.

469 2383 610 2449 Demum
625 2385 781 2463 volumus,
807 2389 843 2448 ut
859 2383 1010 2448 Pontifici
1026 2383 1171 2450 Maximo
1196 2383 1302 2450 nostri
1324 2388 1420 2466 parte
1445 2383 1499 2447 in-

358 2490 555 2556 stantissime
572 2491 741 2573 supplices,
757 2499 794 2556 ut
809 2491 912 2556 libeat·
927 2512 1025 2574 penes
1041 2513 1074 2555 se
1092 2491 1214 2555 habere
1240 2490 1498 2556 secretissimum

358 2597 482 2662 sactum
497 2600 716 2680 pecuniarum,
732 2621 813 2682 quas
829 2601 974 2664 misimus
991 2607 1023 2664 et
1041 2600 1170 2667 missuri
1197 2620 1307 2662 sumus
1327 2598 1370 2662 ad
1386 2599 1498 2680 prefa-

359 2712 430 2769 tum
449 2703 697 2772 Serenissimum
717 2707 853 2789 Regem.

468 2813 511 2896 A,
560 2818 622 2880 ine
669 2848 712 2860 -
761 2820 776 2878 1
829 2857 865 2866 .-
917 2821 945 2880 1.

469 2939 624 3002 (Velenczei
639 2942 724 2991 allam
738 2941 794 2992 ltar
809 2946 849 2991 99.
867 2942 897 3003 1.)

851 3119 1009 3129 u———oe--n

893 3317 966 3386 loe.

366 3480 460 3544 1462.
498 3457 547 3546 ΙῘ.
572 3476 655 3545 Pius
679 3479 771 3567 pdpo
797 3477 889 3546 leveze
916 3479 1045 3568 Sfortia
1070 3477 1217 3548 Fereuce'
1235 3476 1402 3546 incitandi
1427 3477 1504 3545 her·
1629 3485 1631 3492 ’

397 3591 536 3670 ezepbez,
552 3591 632 3674 bopy
648 3591 940 3675 Mopyororszo'pot
957 3615 977 3652 a
995 3593 1088 3655 tdr'o‘lr
1105 3591 1184 3656 elleo
1201 3593 1324 3654 seinte'o
1340 3590 1464 3676 sepitse.

427 3767 429 3774 ¹
472 3781 553 3847 Pius
570 3783 664 3867 Papa
684 3783 729 3849 ΙΙ.
746 3783 876 3850 Dilecte
893 3783 977 3850 Filii
1007 3786 1144 3852 salutem
1161 3792 1195 3851 et
1211 3786 1427 3869 apostolicam
1444 3786 1509 3852 be-

364 3887 590 3955 nedictionem.
885 3890 888 3893 ’

472 3996 644 4062 Noluimus
661 4006 716 4063 tue
732 3998 897 4063 nobilitati
912 3999 1080 4083 incognita
1099 4023 1178 4082 esse,
1205 4023 1268 4084 que
1284 4020 1357 4066 oum
1377 3996 1509 4066 Orato-
1629 4077 1631 4090 Ι

364 4104 456 4169 ribus
472 4103 639 4169 Carissimi
656 4109 690 4170 in
712 4104 844 4171 Christo
864 4106 920 4190 filij
948 4111 1051 4174 nostri
1074 4108 1202 4174 Mathie
1226 4107 1332 4190 Regis
1357 4107 1508 4190 Hunga'-

366 4214 413 4278 rie
429 4213 585 4294 proximis
602 4213 715 4279 diebus
731 4220 806 4278 acta
823 4222 906 4280 sunt.
922 4215 973 4279 na
990 4218 1083 4298 enim,
1101 4239 1161 4298 que
1178 4219 1350 4300 quicquam
1374 4214 1510 4298 ponde·

366 4321 410 4384 ris
440 4322 473 4384 in
505 4339 538 4384 se
565 4320 696 4399 habent,
722 4321 861 4386 libenter
886 4328 992 4386 tecum
1018 4325 1298 4409 communicamus,
1322 4324 1508 4406 presertim

368 4427 455 4518 quod
488 4427 530 4490 ad
563 4449 764 4493 communem
791 4426 969 4493 Christiani
994 4431 1105 4514 populi
1129 4452 1196 4495 rem
1223 4431 1372 4516 pertinet.
1415 4429 1510 4502 Cum
1630 4509 1631 4512 Ἴ
