3256 5304
655 387 748 448 1463.
1082 363 1089 372 ’
1205 393 1269 453 229

135 568 251 627 nostra
268 562 437 627 affectione
453 562 487 624 iu
503 560 617 624 ambos
633 562 778 626 dominos
794 564 873 626 istos
889 585 1087 646 magnopere
1101 568 1269 648 cupiamus

137 671 249 737 videre
275 671 484 735 concordiam
508 670 613 752 istam,
639 671 745 752 placet
772 671 866 735 nobis
891 671 1075 753 admodum,
1103 674 1189 756 quod
1205 675 1273 757 ipse

138 781 264 846 Orator
290 780 352 844 huc
370 801 403 843 11
419 777 602 858 contulerit,
620 783 656 842 ut
673 779 906 843 interveniente
924 783 1119 846 auctoritate
1135 782 1273 864 impera-

137 890 226 954 toria
252 893 285 952 et
310 886 470 969 sapientia
496 907 563 965 sua,
589 889 658 948 tam
684 908 756 950 cum
782 885 1066 952 Reverendissimo
1095 887 1270 954 Cardinale

138 999 269 1078 Legato
286 993 490 1078 Apostolico,
518 993 572 1076 qui
599 999 648 1058 est
674 993 734 1073 hic,
760 1016 859 1076 quam
883 995 978 1059 aliter
1003 997 1106 1078 possit
1132 999 1272 1079 operari,

139 1104 297 1189 quicquid
312 1102 389 1166 boni
405 1103 526 1184 poterit
543 1123 602 1183 pro
619 1103 682 1167 isto
699 1103 882 1166 concordio.

248 1209 300 1274 De
317 1211 463 1274 novitate
480 1230 584 1292 nuper
601 1210 633 1272 in
646 1209 803 1275 Tridento
821 1218 932 1275 secuta
948 1231 1021 1276 vere
1038 1235 1101 1277 non
1112 1213 1269 1277 habemus

139 1321 240 1384 aliam
265 1319 495 1402 particularem
516 1317 787 1398 informationem,
813 1340 872 1382 nec
888 1318 970 1383 bene
987 1320 1115 1400 scimea,
1142 1319 1220 1402 quid
1238 1321 1271 1383 in

140 1450 175 1492 re
191 1429 255 1492 ista
272 1427 379 1490 dicere
395 1427 562 1509 possimus,
579 1426 642 1490 hoc
658 1432 767 1491 tamen
783 1427 846 1509 ipsi
858 1427 913 1509 Sp.
924 1424 1057 1490 Oratori
1074 1432 1185 1490 notum
1202 1448 1271 1491 esse

141 1537 297 1614 volumno,
328 1536 417 1617 quod
442 1556 503 1617 pro
528 1540 642 1598 nostra
668 1535 701 1597 in
727 1555 801 1598 eum
818 1534 987 1599 affectione
1004 1540 1037 1598 et
1053 1533 1273 1598 benivolentia

141 1645 287 1727 cupimus
313 1642 461 1724 libenter,
485 1641 546 1705 sibi
563 1663 689 1724 semper
705 1663 773 1707 rem
790 1649 920 1724 gratam
938 1649 970 1706 et
986 1641 1189 1707 commodam
1206 1641 1273 1705 effi-

143 1773 215 1818 cere
232 1772 335 1835 posse.

251 1859 375 1926 Verum
392 1881 431 1923 ex
448 1880 533 1922 nunc
543 1863 675 1940 captum
685 1858 745 1922 sit:
762 1858 848 1940 quod
859 1860 887 1922 si
898 1879 956 1940 per
966 1879 1166 1940 responsum,
1183 1858 1270 1941 quod

141 1969 200 2033 fiet
225 1968 405 2050 peripsum
422 1964 608 2047 Oratorem,
632 1967 681 2029 ita
706 1987 786 2047 opus
812 1967 883 2046 erit,
909 1987 961 2032 res
986 1967 1050 2030 ista
1066 1970 1180 2030 nostra
1196 1988 1270 2030 cum

144 2076 350 2159 Tergestinis
364 2074 537 2160 justificari
554 2079 586 2139 et
597 2075 766 2138 honestari
776 2074 895 2140 debeat
905 2097 978 2139 cum
988 2074 1144 2156 predictis
1156 2081 1188 2138 et
1199 2075 1273 2138 aliis

142 2184 293 2249 omnibus
311 2183 417 2248 verbis
434 2188 465 2247 et
482 2182 673 2263 rationibus,
690 2205 750 2264 que
767 2183 905 2265 collegio
922 2181 1125 2247 videbuntur.

250 2290 302 2354 De
319 2296 413 2373 parte
490 2329 532 2337 —
579 2327 622 2335 —
672 2293 743 2354 149.

251 2399 303 2462 De
321 2419 388 2463 non.
492 2435 533 2443 —
580 2437 623 2446 -
716 2403 744 2462 2.

251 2504 328 2571 Non
346 2506 463 2571 sinceri
498 2542 534 2552 -
584 2541 628 2552 --
720 2512 748 2571 2.

253 2670 411 2731 (Velenczei
425 2669 605 2732 allamkonyv
621 2674 679 2720 177.
693 2672 722 2729 l.)

564 3083 566 3087 ’
678 3119 751 3181 143.

147 3286 243 3348 1463.
258 3279 525 3367 Skanderbepaelc
542 3280 663 3343 11100111
683 3281 763 3343 1111111
786 3304 806 3342 c
828 3279 979 3342 veleoczei
999 3275 1277 3341 ‹illcmtaodcselei

476 3390 642 3472 terjesztetl
659 3387 794 3450 ke‘relmi
807 3386 951 3472 poatjai.

145 3583 439 3652 MOOOOLXIH.
457 3583 509 3646 die
527 3581 609 3644 XX.
626 3577 779 3662 Augusti.

254 3690 326 3754 Hec
351 3697 425 3754 sunt
450 3687 594 3771 capitula
621 3686 798 3751 Oratorum
823 3683 993 3767 Magnifioi
1017 3683 1151 3748 Domini
1178 3683 1277 3748 Scan-

147 3799 291 3881 derbegi.
1350 3871 1352 3876 Ι

256 3902 401 3988 Capituli
412 3905 497 3986 porti
508 3925 566 3986 per
576 3904 605 3967 el
616 3901 921 3966 R.Pr0thonotario
933 3905 966 3962 et
976 3896 1109 3963 Abbate
1121 3898 1161 3963 de
1172 3897 1278 3963 Santa

148 4014 259 4080 Maria
285 4014 325 4079 de
340 4011 474 4093 Botere,
501 4018 534 4076 et
560 4012 591 4075 lo
620 4011 751 4093 egregio
769 4007 905 4072 Andrea
922 4005 1079 4072 Snaticho
1096 4003 1276 4070 Ambassa-

148 4121 221 4187 dori
238 4120 291 4185 del
302 4117 421 4202 Signor
438 4119 534 4182 Zomi
551 4115 719 4198 Oastrioti‚
740 4116 827 4179 dicto
845 4113 1083 4195 Scanderbego,
1100 4112 1221 4194 Signor
1238 4111 1277 4176 de

151 4227 296 4294 Albania
321 4249 380 4311 per
396 4228 623 4292 conservation
640 4227 693 4290 del
709 4231 818 4290 vostro
836 4229 869 4286 et
885 4245 943 4285 suo
961 4221 1055 4288 stado
1073 4245 1093 4286 a
1109 4221 1278 4304 guerrizar

150 4361 166 4401 e
183 4337 365 4403 combatter
381 4341 495 4400 contra
511 4336 522 4398 i
539 4335 654 4418 perfidi
671 4333 802 4398 Turchi.

257 4443 380 4525 Primo,
406 4466 438 4508 se
466 4443 563 4508 offere
589 4448 658 4507 star
673 4442 707 4505 in
723 4463 837 4524 campo
854 4462 927 4504 cum
943 4440 972 4503 le
990 4461 1045 4503 sue
1061 4444 1162 4517 nante,
1192 4435 1232 4499 de
1247 4435 1278 4499 le

152 4543 226 4636 qual
243 4575 283 4617 ne
299 4552 421 4616 havera
437 4550 609 4615 raxonevel
625 4549 718 4633 copia
733 4549 840 4614 beniu
850 4553 953 4630 punto
963 4570 983 4610 a
993 4546 1093 4610 dauni
1104 4545 1144 4610 de
1155 4543 1278 4608 Turohi
