3256 5304
777 332 1011 381 urnnouuomar
1028 323 1195 380 ntuununu.

954 665 1026 729 163.

428 830 520 894 1464.
552 824 581 887 A
609 825 763 889 oclenczes'
789 825 999 910 kdztdrrusdq
1025 827 1156 909 Mdlycis
1181 825 1293 910 kirrlly
1309 825 1543 888 coronaturum
1612 791 1614 808 ἱ

707 934 806 998 buon
823 933 940 997 klloetet
956 933 1037 997 kllld
1054 932 1269 1017 ajdnddlclcol.

423 1129 734 1196 MOOOOLXIIII.
752 1129 803 1193 die
821 1129 962 1196 secundo
978 1130 1108 1212 Maroij.

535 1237 632 1322 Quod
648 1238 707 1302 fiat
718 1236 910 1336 Commissio
921 1235 1016 1318 Viro,
1031 1236 1144 1302 Nobili
1161 1238 1338 1302 Francisco
1355 1237 1381 1303 J
1382 1239 1545 1317 ustinian0,

424 1348 512 1411 ituro
538 1344 674 1411 Oratori
700 1351 811 1409 nostro
838 1344 881 1410 ad
906 1343 1155 1412 Serenissimum
1179 1344 1305 1427 Regem
1332 1345 1500 1428 Hungarie
1515 1344 1544 1410 in
1613 1389 1614 1424 ᾗ

424 1453 529 1518 forma
544 1452 624 1518 hac:

426 1560 597 1645 Sapientes
614 1560 751 1644 C⁰11⁸ffil
898 1580 968 1643 Nos
986 1575 1242 1662 Christophorus
1253 1579 1383 1658 Mauro,
1400 1579 1462 1642 Dei
1477 1599 1545 1660 gra-

517 1694 532 1728 »
626 1677 648 1734 l·
665 1670 685 1732 f·
854 1687 903 1749 tia
918 1685 995 1749 Dux
1012 1683 1228 1752 Venetiarum
1245 1692 1278 1750 et
1294 1693 1353 1751 etc.
1371 1685 1543 1751 Committi·

517 1804 532 1836 >>
629 1734 806 1872 Ordiffllffil
854 1814 925 1858 mus
950 1792 1012 1860 tibi
1028 1794 1143 1860 Nobili
1158 1793 1241 1860 Viro
1257 1795 1435 1860 Franciseo
1451 1795 1545 1858 lusti·

645 1869 774 1876 ———-—-

424 1906 532 1986 niano,
549 1903 667 1968 dilecto
681 1904 741 1968 civi
751 1908 872 1982 nostro,
890 1901 976 1983 quod
987 1902 1088 1966 vadas
1100 1901 1301 1967 honorabilis
1312 1901 1436 1968 Orator
1444 1908 1544 1967 noster

426 2013 469 2077 ad
494 2011 744 2078 Serenissimum
771 2013 895 2094 Regem
922 2009 1102 2093 Hungarie,
1128 2011 1341 2076 accelerando
1367 2012 1430 2076 iter
1453 2017 1543 2092 tuum,

426 2127 549 2204 quanto
576 2121 684 2186 studio
711 2127 744 2186 et
769 2120 940 2202 diligentia
965 2121 1106 2202 poteris,
1132 2142 1208 2184 nam
1225 2127 1261 2184 ut
1278 2123 1373 2201 nosti,
1398 2121 1544 2184 mittimus

426 2237 459 2294 te
476 2231 712 2314 principaliter,
738 2235 775 2293 ut
790 2229 917 2293 intersis
934 2229 1137 2292 coronationi
1152 2229 1256 2311 Regie
1272 2229 1459 2313 Majestatis
1474 2227 1544 2305 Sue,

426 2360 488 2421 que
504 2339 538 2401 in
547 2338 729 2402 Domenica
744 2337 894 2420 proxima
909 2335 1091 2419 palmarum
1108 2335 1178 2399 fieri
1195 2335 1328 2401 decreta
1344 2341 1402 2418 est,
1417 2335 1544 2416 ideoque

427 2453 465 2512 ut
490 2448 586 2530 plane
612 2446 779 2530 intelligis,
805 2445 846 2511 ob
862 2447 1018 2529 temporis
1035 2447 1220 2528 angustiam
1237 2467 1433 2528 magnopere
1448 2465 1545 2509 neces·

426 2556 547 2620 sarium
572 2561 630 2638 est,
664 2555 751 2638 quod
777 2556 808 2618 in
836 2554 1029 2620 solicitando
1054 2555 1139 2620 viam
1164 2560 1254 2618 tuam
1279 2554 1403 2618 nullum
1428 2558 1545 2635 tempus

426 2665 601 2728 ammittas,

535 2768 674 2854 Quando
691 2769 886 2859 applicueris
903 2772 1041 2849 Budam,
1072 2793 1130 2836 seu
1147 2771 1189 2835 ad
1204 2771 1319 2851 locum,
1341 2771 1398 2834 ubi
1413 2790 1445 2834 se
1460 2787 1542 2849 repe-

428 2879 491 2942 riet
506 2879 594 2944 idem
605 2877 928 2959 SerenissimusRex,
945 2886 994 2944 est
1011 2885 1122 2944 nostre
1137 2878 1340 2959 intentionis,
1357 2884 1390 2942 et
1399 2877 1544 2954 volumus,

429 2988 516 3069 quod
548 3009 620 3051 cum
651 2988 870 3052 verisimiliter
901 2988 974 3054 istic
1000 2987 1100 3050 etiam
1126 2986 1254 3050 futurus
1281 2987 1325 3051 sit
1340 2984 1403 3051 Vir
1428 2979 1545 3048 Nobilis

427 3092 574 3158 Joannes
591 3091 707 3178 Aym0,
724 3095 825 3176 miles,
843 3094 966 3161 Orator
982 3099 1094 3158 noster
1111 3094 1198 3176 apud
1217 3091 1435 3158 Serenitatem
1447 3091 1545 3170 Suam,

428 3221 535 3264 secum
552 3209 586 3264 te
601 3204 745 3284 reperire
763 3202 891 3283 debeas
921 3210 955 3267 et
971 3205 1056 3268 sicut
1073 3203 1188 3267 decens
1206 3209 1264 3284 est,
1291 3202 1487 3266 comunicare
1502 3219 1545 3262 se-

428 3329 501 3372 cum
517 3309 603 3374 hanc
617 3311 864 3392 instructionem
879 3319 980 3394 tuam,
995 3318 1033 3375 ut
1050 3318 1144 3377 nocte
1160 3310 1338 3394 procedere
1357 3310 1492 3394 possitis
1506 3304 1546 3370 ad

430 3416 651 3498 exequendum
667 3417 727 3482 hec
743 3425 855 3482 nostra
870 3420 1034 3485 mandata.

535 3523 665 3590 Deinde
681 3527 838 3607 volumus,
864 3526 950 3610 quod
967 3528 1062 3592 simul
1079 3529 1163 3592 detis
1179 3549 1312 3610 operam
1328 3527 1469 3593 adeundi
1483 3545 1545 3608 pre·

433 3637 571 3700 sentiam
589 3634 795 3702 Serenissimi
811 3637 921 3719 Regis,
946 3644 979 3704 et
1005 3638 1065 3701 sub
1081 3637 1199 3700 litteris
1216 3637 1337 3702 nostris
1355 3632 1545 3701 credentiali-

429 3743 498 3826 bue,
525 3766 605 3828 quas
630 3745 691 3808 tibi
716 3745 849 3808 fecimus
876 3743 1031 3826 exhiberi,
1056 3743 1151 3808 factis
1168 3749 1275 3827 perte
1291 3745 1545 3818 nominenostm,

429 3852 577 3918 omnibus
603 3852 669 3916 illis
696 3851 883 3917 decentibus
910 3851 1171 3931 salutationibus,
1197 3858 1230 3915 et
1245 3851 1454 3934 amplissimis
1469 3849 1545 3914 obla·

428 3959 582 4042 tionibus,
608 3983 688 4044 quas
713 3961 839 4025 noveris
866 3981 947 4042 opus
969 3980 1040 4024 esse
1056 3959 1098 4023 ad
1114 3959 1378 4042 patefaciendum
1395 3959 1456 4023 sibi
1471 3975 1545 4022 arno·

428 4091 507 4150 rem,
533 4077 566 4134 et
591 4071 689 4135 animi
716 4070 819 4136 nostri
845 4069 1066 4132 sinceritatem
1084 4090 1233 4151 expones,
1259 4069 1347 4148 quod
1363 4066 1546 4134 firmavimus

431 4181 486 4243 diu
511 4179 545 4242 id
570 4180 754 4243 institutum
772 4179 805 4242 in
821 4177 924 4259 nobie,
951 4198 990 4241 ea
1007 4175 1178 4241 affectione
1195 4183 1228 4240 et
1244 4177 1455 4259 integerrima
1469 4172 1546 4238 beni-

429 4288 573 4352 volentia
607 4309 665 4370 per
691 4287 844 4351 continua
869 4292 1018 4368 tempora
1045 4283 1187 4368 Regiam
1213 4284 1431 4351 Serenitatem
1457 4283 1545 4349 Suam

430 4397 590 4479 prosequi,
616 4402 653 4458 ut
678 4394 824 4477 profecto
850 4415 976 4458 ornnem
993 4394 1064 4476 ejus
1081 4393 1345 4458 sublimationem
1364 4400 1396 4458 et
1412 4391 1546 4476 glorian,

428 4504 697 4594 jucundissimam
722 4523 857 4592 semper,
882 4523 946 4566 non
973 4522 1071 4583 secus,
1099 4524 1196 4589 quam
1221 4503 1389 4588 propriam
1416 4493 1546 4564 babituri
