3314 5300
406 371 470 436 322
759 386 995 433 onenonmonrar
1013 372 1179 431 nnrnizunn.
1196 395 1199 400 ·

406 551 565 634 promptis
591 549 717 630 animis
744 546 899 630 quicquid
925 547 1055 611 anobis
1071 545 1141 610 fieri
1159 547 1276 628 possit,
1299 545 1384 608 siout
1399 543 1441 608 ab
1457 543 1535 625 ipsis

409 657 577 723 effectibus
595 657 809 724 ostendemus.

516 767 559 851 -Ι-
609 770 669 831 141
719 800 763 812 -
811 769 851 829 12
899 803 940 814 -
989 770 1019 829 0.

515 930 674 992 (Velenczei
689 928 869 991 allanokdnyv
884 931 926 978 te.
940 929 969 988 l.)

894 1143 1054 1151 ...Μ-.-

940 1385 1013 1444 198.

410 1546 505 1608 1465.
537 1542 566 1606 Α
596 1545 747 1608 veleoczen‘
772 1544 993 1607 ollamtano'cs
1020 1539 1121 1628 Apono
1138 1542 1245 1607 Jo'oos
1270 1536 1541 1624 prosperorsao'pi

409 1655 529 1718 lodveto't
555 1655 688 1740 Mdtyo'e
712 1654 824 1737 loirnily
850 1652 1034 1717 kooeeeinele
1051 1651 1198 1739 Remota
1224 1649 1335 1713 leeodd
1361 1645 1542 1729 leisdrd'jo'r'tl

903 1759 1041 1824 ropdeli.
1571 1773 1573 1776 ’

411 1955 680 2027 MOCOOLXV.
698 1959 750 2023 die
766 1957 851 2023 XX.
868 1954 1006 2038 Aprilis.

409 2066 581 2148 Sapientes
597 2072 619 2130 t·
636 2064 657 2129 f·
821 2083 918 2168 ouon
934 2083 1044 2150 missio
1063 2083 1123 2148 vm
1139 2079 1412 2147 nonannoeane
1430 2077 1545 2158 nimo,

408 2171 677 2274 „Pl—QQ
730 2193 844 2257 militis
860 2191 1011 2271 Romam,
1030 2213 1102 2255 cum
1120 2188 1315 2255 Oratoribus
1333 2187 1545 2254 Serenissimi

409 2300 513 2381 Regis
529 2299 710 2382 Hungarie,
733 2297 906 2382 justificari
932 2304 964 2364 et
979 2299 1147 2363 honestari
1164 2298 1290 2377 debeat,
1306 2290 1388 2362 ¹cum
1405 2295 1546 2378 disposi-

407 2408 495 2471 tione
520 2429 629 2472 rerum
651 2409 718 2491 jam
745 2409 1007 2492 practicatarum,
1034 2414 1067 2471 61
1092 2408 1169 2491 quia
1197 2427 1344 2471 accessus
1360 2405 1463 2488 ipsius
1482 2402 1547 2468 Ser
1648 2399 1650 2414 ¹

407 2514 549 2578 ,loannis
576 2536 615 2578 ex
640 2513 827 2580 decentibus
845 2520 877 2579 et
893 2515 985 2579 bonis
1003 2513 1202 2597 respectibus
1220 2520 1306 2578 esset
1321 2513 1430 2594 potius
1447 2509 1543 2574 dam·

408 2643 515 2698 nesus,
532 2643 629 2704 quam
645 2623 745 2701 utilis,
762 2627 795 2685 et
811 2622 889 2703 quia
905 2623 1004 2686 etiam
1021 2622 1196 2716 sicutipsis
1209 2619 1403 2687 Oratoribus
1416 2619 1547 2683 dictum
1648 2631 1650 2656 ³

410 2734 467 2808 est,
485 2728 629 2795 misimus
647 2751 750 2812 nuper
767 2729 809 2794 ad
820 2729 986 2796 Summum
997 2730 1191 2795 Pontificem
1203 2727 1376 2794 Oratorem
1392 2733 1547 2792 nostrum
1646 2719 1650 2734 ’

410 2835 596 2917 specialiter
613 2837 653 2901 ob
671 2837 754 2901 hano
771 2858 912 2920 oausam,
930 2837 1020 2921 cujus
1032 2858 1139 2919 opera,
1155 2845 1188 2902 et
1198 2837 1387 2902 continuum
1398 2833 1548 2902 studium
1648 2837 1650 2876 ³

410 2965 476 3007 non
492 2943 598 3008 deerit
614 2945 669 3026 616,
686 2945 719 3008 in
736 2947 892 3027 omnibus
911 2967 972 3028 que
987 2944 1108 3010 fuerint
1125 2941 1316 3028 opportuna.

517 3049 560 3132 Δ,
609 3056 671 3115 rao
719 3091 763 3102 -
811 3057 829 3115 a
878 3089 919 3098 -
968 3058 996 3117 a

411 3211 470 3276 Ser
486 3211 644 3278 NiCOlaUS
662 3213 838 3278 Tsevssfflffl
940 3233 1013 3297 Non
1033 3255 1091 3316 per
1108 3233 1237 3296 litteras
1254 3232 1358 3296 solum
1369 3232 1445 3295 hnic
1456 3229 1548 3296 Ocu·
1649 3287 1650 3300 2

409 3317 548 3416 ‚Sffiens
566 3316 727 3383 ordinum
894 3339 966 3404 silio
992 3340 1097 3422 pridie
1122 3339 1287 3418 recitatae,
1313 3340 1549 3404 verumetiam

409 3464 468 3526 per
486 3441 643 3508 Oratores
668 3465 742 3509 suos
759 3467 817 3510 nos
835 3469 1031 3531 magnopere
1047 3449 1184 3532 requirit
1202 3446 1433 3514 Serenissimus
1449 3449 1551 3513 Hun·
1648 3431 1650 3474 ³

411 3551 501 3632 garie
517 3549 597 3632 Rex,
623 3557 660 3614 ut
676 3552 817 3616 nobilem
833 3555 936 3618 virum
953 3555 977 3620 J
980 3577 1093 3620 canem
1111 3554 1254 3637 Aimum,
1271 3557 1328 3638 qui
1345 3557 1433 3639 apud
1451 3557 1551 3624 Sere·
1641 3563 1650 3648 ᾗ

409 3659 546 3722 nitatem
573 3657 670 3724 Suam
700 3657 823 3726 Orator
849 3669 960 3728 noster
985 3685 1044 3747 per
1069 3664 1233 3730 biennium
1255 3666 1354 3744 stetit,
1379 3665 1550 3749 rebusque

411 3767 558 3831 omnibus
574 3789 633 3850 per
651 3790 723 3833 eum
740 3771 840 3853 gestis
857 3770 1014 3856 interfuit,
1031 3773 1134 3855 deque
1151 3773 1389 3838 conditionibus
1400 3773 1552 3857 partium
1648 3781 1650 3854 j

410 3875 555 3956 ipsarum
583 3876 704 3957 optime
720 3877 898 3944 instructus
914 3885 946 3942 et
962 3880 1157 3946 informatus
1173 3887 1232 3964 est,
1258 3904 1330 3946 cum
1347 3877 1552 3947 Oratoribus
1648 3865 1650 3938 3

367 4000 370 4002 ’
413 3982 487 4063 suis,
514 3982 556 4047 ad
582 3982 749 4048 Summum
766 3984 957 4050 Pontificem
974 3988 1104 4054 mittere
1121 3989 1264 4070 velimus,
1288 3991 1393 4073 testie,
1411 3989 1551 4075 adjutor
1648 4005 1650 4080 ζ

412 4111 524 4153 corum
541 4093 691 4172 omnium,
717 4114 779 4175 que
796 4096 983 4176 exposituri,
1000 4102 1033 4160 et
1049 4119 1068 4161 a
1085 4097 1123 4162 B.
1141 4096 1208 4163 Sua
1225 4098 1441 4181 supplicaturi
1459 4107 1553 4182 sunt,
1648 4111 1649 4134 ³

411 4217 470 4277 pro
496 4194 605 4260 favore
632 4203 665 4262 et
689 4199 972 4266 subsidiosanote
997 4203 1209 4286 expeditionis
1235 4204 1391 4272 adversus
1409 4209 1552 4293 impium

411 4301 588 4384 Turohum,
605 4307 839 4391 conveniatque
856 4309 1123 4393 confederationi,
1139 4318 1313 4396 mutueque
1324 4314 1553 4382 benivolentie
1649 4371 1650 4376 1

411 4415 530 4492 nostre,
556 4413 589 4476 in
614 4414 675 4478 hac
691 4437 727 4480 re
743 4417 887 4498 honesta,
914 4419 1180 4502 convenientique
1197 4420 1261 4486 Sue
1279 4421 1461 4488 Serenitati
1477 4448 1552 4490 mo·
1648 4433 1650 4500 ἶ

411 4537 478 4579 rem
496 4539 615 4600 gerere,
631 4523 832 4601 potissimum
852 4532 956 4606 prout
969 4525 1064 4591 litate
1075 4528 1258 4611 hujusmodi
1270 4529 1552 4598 confederationis
1648 4601 1650 4620 ,
