3268 5308
587 441 590 450 .
647 365 739 426 1461.
1196 369 1258 430 105

128 531 195 598 dici
222 534 375 617 fecimus3
402 558 477 602 nam
494 560 619 622 semper
636 541 871 606 Excellentiam
889 540 989 608 Suam
1014 542 1154 607 libenter
1174 545 1260 608 vide·

127 627 236 707 bimus
264 649 296 707 et
323 645 498 710 honorifice
523 648 740 731 suscipiemus,
767 655 799 714 et
825 651 858 713 in
883 652 1017 728 cunctis,
1042 671 1105 734 que
1131 652 1260 716 anobis

128 747 203 812 fieri
219 755 383 833 poterunt,
400 774 527 836 semper
544 756 572 819 ei
590 757 792 840 complacere
809 757 1004 823 curabimus.

104 861 106 868 ’
236 857 293 921 Ad
309 857 432 923 factum
450 859 720 942 justificationum
737 863 858 945 prefati
876 863 1008 928 Domini
1024 863 1125 928 Ducis
1142 869 1257 929 contra

126 963 270 1029 Paulum
289 965 441 1030 Bannum
458 963 600 1050 Oroatie,
617 969 667 1033 cui
696 990 848 1052 guerram
873 968 979 1035 facere
995 969 1146 1052 intendit,
1161 972 1259 1054 petit.

125 1093 189 1154 que
206 1072 425 1140 ballistrarios
440 1097 501 1159 pro
521 1077 714 1143 vindicando
731 1099 765 1142 se
782 1084 895 1144 contra
911 1099 993 1159 eum,
1012 1077 1158 1160 dicimus
1170 1082 1258 1160 quod

123 1179 204 1244 licet
220 1179 369 1246 voluntas
386 1188 419 1248 et
435 1182 605 1266 dispositio
621 1191 734 1251 nostra
750 1186 873 1267 optima
890 1186 933 1250 sit
949 1188 983 1249 in
1000 1206 1093 1252 omne
1110 1186 1207 1252 decus
1224 1194 1255 1253 et

124 1287 333 1353 commodum
358 1291 459 1373 ipsius
485 1291 538 1356 Ill.
562 1291 672 1376 Ducis,
696 1315 761 1358 non
786 1293 931 1358 videmus
955 1299 1065 1358 tamen
1090 1297 1256 1362 stantibus

124 1393 286 1477 terminis
304 1397 364 1464 sibi
390 1399 482 1464 salva
504 1400 676 1466 honestate
693 1399 866 1467 ethonore
883 1407 993 1467 nostro
1018 1403 1052 1467 in
1077 1402 1139 1468 hoc
1164 1405 1259 1468 satis·

124 1502 235 1568 facere
250 1524 354 1588 posse,
380 1512 413 1571 et
429 1507 536 1587 etiam,
553 1508 639 1590 quod
657 1507 779 1572 subditi
789 1507 839 1572 illi
855 1509 906 1573 sui
921 1509 1030 1574 venire
1046 1531 1112 1574 non
1128 1511 1257 1592 possint

124 1611 169 1675 ad
184 1612 259 1676 loca
275 1618 395 1695 nostra,
413 1635 477 1679 non
497 1613 643 1680 videmus
658 1614 693 1678 id
706 1616 794 1700 juste
810 1615 958 1682 inhibere
974 1639 1076 1700 posse,
1096 1618 1256 1699 quomodo

124 1721 198 1784 loca
216 1726 248 1784 et
264 1721 433 1786 territoria
457 1728 568 1788 nostra
595 1728 710 1807 aperta
735 1731 767 1790 et
792 1727 942 1790 comunia
968 1732 1052 1806 sunt,
1077 1747 1138 1791 neo
1162 1726 1258 1790 aliter

126 1828 256 1910 absque
273 1827 449 1894 offensione
466 1830 598 1895 honoris
619 1831 723 1896 nostri
739 1830 847 1896 facere
863 1853 959 1914 posse
974 1832 1126 1898 videmus.

236 1934 304 2000 Pro
322 1943 444 2020 quanto
460 1943 571 2002 autam
588 1944 717 2022 spectat
733 1938 775 2003 ad
790 1938 923 2021 bellum,
939 1939 1024 2023 quod
1040 1946 1192 2022 gesturus
1208 1947 1258 2006 est

127 2050 243 2110 contra
254 2045 384 2110 ¹Banum
395 2045 547 2130 Paulum,
564 2067 635 2111 cnm
653 2046 751 2112 simus
763 2047 908 2112 fraterne
921 2047 1257 2113 affectiExcellentis-

128 2154 200 2218 simi
218 2154 338 2237 prefati
348 2153 459 2237 Ducis,
474 2154 632 2239 nolumus
649 2154 867 2221 neerolumus
878 2155 918 2220 de
929 2176 966 2221 eo
977 2177 1036 2221 nos
1047 2156 1143 2221 aliter
1158 2157 1257 2237 impe·

125 2263 205 2343 dire,
223 2285 281 2328 nec
296 2263 396 2328 etiam
411 2264 451 2329 de
467 2265 564 2328 terris
583 2270 615 2329 et
631 2263 710 2330 locis
725 2264 791 2329 illis
809 2265 875 2329 suis
893 2263 1036 2344 Oroatis,
1061 2263 1124 2327 nisi
1151 2262 1255 2327 solum

124 2370 164 2434 de
181 2369 315 2450 duobus,
331 2370 480 2435 videlicet
496 2371 535 2436 de
553 2369 734 2453 Ostroviza‚
752 2393 815 2453 que
836 2378 873 2435 ut
889 2377 1002 2436 notum
1019 2377 1078 2452 est,
1094 2370 1177 2435 alias
1193 2368 1256 2434 fuit

124 2480 246 2556 nostra,
262 2481 295 2540 et
311 2477 344 2541 in
361 2499 401 2544 ea
417 2481 472 2564 jus
496 2479 628 2562 plenum
643 2480 765 2545 habere
781 2478 1014 2562 protendimus
1031 2483 1065 2542 et
1082 2477 1122 2542 de
1139 2475 1255 2558 Olissa,
1276 2521 1279 2534 .

124 2605 185 2668 que
201 2584 264 2649 fuit
279 2585 313 2648 in
329 2586 531 2669 protectione
547 2594 667 2667 nostra,
683 2593 716 2651 et
740 2586 993 2651 recommendati
1021 2586 1135 2650 nostri.
1161 2583 1255 2648 Ideo-

94 2723 96 2730 v
126 2713 187 2774 que
203 2713 358 2775 rogamus
374 2694 611 2760 Excellentiam
623 2692 732 2776 Suam,
749 2695 834 2759 sicut
850 2695 949 2758 etiam
966 2694 1046 2758 alias
1063 2694 1092 2758 ei
1105 2692 1169 2756 dici
1181 2691 1255 2756 feci-

124 2822 202 2880 mus,
218 2805 255 2864 ut
272 2822 332 2883 pro
349 2801 471 2866 honore
488 2807 601 2867 nostro
612 2802 651 2866 de
668 2802 718 2865 his
735 2800 859 2866 duobus
871 2823 904 2865 se
915 2801 1071 2884 impedire
1087 2820 1152 2862 non
1169 2799 1254 2879 velit,

125 2905 163 2970 de
180 2907 255 2990 alijs
271 2929 347 2972 vero
365 2908 466 2974 iaciat
482 2916 519 2974 ut
536 2909 597 2975 sibi
615 2909 703 2974 libet.
715 2906 813 2974 Circa
828 2914 966 2992 partem,
981 2929 1038 2990 per
1058 2927 1155 2989 quam
1171 2907 1255 2989 petit

126 3021 324 3080 mercatores
341 3038 415 3082 suos
432 3039 525 3100 posse
543 3038 649 3083 emere
665 3017 768 3099 lanae,
780 3023 813 3080 et
828 3016 912 3082 alias
928 3015 1141 3080 mercationes
1162 3035 1182 3077 a
1198 3034 1254 3078 na·

125 3124 217 3190 vibus
236 3131 268 3189 et
288 3125 426 3210 navigijs
443 3127 562 3190 nostris
578 3127 612 3190 in
629 3123 717 3209 gulso
729 3124 851 3207 Catari,
866 3123 1019 3190 vellemus
1034 3123 1174 3188 libenter
1194 3120 1255 3186 sibi

125 3231 326 3316 complacere
336 3253 439 3315 posse,
449 3232 505 3298 sed
517 3233 701 3299 advisamus
712 3255 784 3298 eum
801 3252 859 3314 per
874 3230 965 3315 leges
981 3233 1120 3310 nostras,
1138 3229 1254 3312 quibus

125 3340 348 3407 contravenire
363 3360 428 3418 non
443 3361 623 3422 possumne,
640 3361 710 3405 esse
726 3339 910 3420 inhibitum,
937 3339 1024 3421 quod
1040 3337 1254 3402 mercationes

126 3454 157 3512 et
173 3467 303 3530 queque
319 3468 370 3512 res
387 3452 519 3512 onerate
535 3451 629 3512 extra
645 3445 771 3530 gulfum
795 3467 893 3529 super
914 3444 1052 3511 navibus
1069 3450 1102 3510 et
1117 3443 1254 3526 navigijs

125 3557 242 3620 nostris
260 3553 357 3620 vendi
372 3577 438 3620 non
454 3556 592 3637 possint,
607 3575 666 3618 neo
683 3553 819 3618 conduci
829 3553 902 3634 alio,
920 3574 1016 3636 quem
1034 3551 1203 3631 Venetiae,
1220 3555 1254 3614 et

125 3665 198 3728 licet
216 3685 292 3747 sepe
311 3663 468 3728 fuerimus
485 3661 638 3744 requisiti
654 3683 674 3726 a
698 3661 794 3726 terris
810 3662 929 3727 nostris
954 3661 1096 3744 proprijs
1122 3658 1255 3723 Dalma-

126 3773 176 3852 tie,
203 3772 291 3856 quod
308 3772 354 3836 eis
372 3770 613 3836 concederimus
628 3768 673 3848 id,
688 3768 775 3850 quod
791 3792 875 3833 nuno
899 3769 981 3852 petit
997 3767 1141 3851 prefatus
1158 3766 1254 3830 Illus-

127 3883 284 3947 trissimus
301 3880 473 3956 Dominus
489 3885 597 3942 tamen
613 3875 647 3940 id
663 3897 789 3959 semper
808 3876 1036 3957 denegavimus
1047 3871 1253 3938 obstantibus

127 3986 249 4070 legibus
266 3985 388 4050 nostris
398 3984 572 4066 predictis:
594 4002 695 4066 quare
720 4002 873 4064 rogamus
891 3978 1128 4046 Excellentiam
1144 3976 1254 4057 Suam,

127 4099 162 4158 ut
176 4113 235 4158 nos
251 4091 376 4157 habeat
393 4095 571 4156 excusatos.

231 4200 275 4284 -Ι-
323 4203 385 4265 151
438 4237 474 4245 α
525 4202 543 4262 5
591 4235 634 4244 -
682 4205 711 4262 9.

233 4363 391 4426 (Velenczei
405 4337 585 4426 allsmkdnpv
600 4365 641 4409 70.
656 4363 686 4421 l.)

614 4536 768 4555 Ε-ῡ--ι
