3256 5304
631 332 724 422 1413.
1182 367 1243 426 ris

231 537 286 603 Ad
305 543 458 621 quartum
476 538 721 620 respondeatur,
739 539 825 620 quod
843 538 901 603 fiat
918 545 954 602 ut
970 542 1103 622 petitur,
1121 549 1152 604 et
1170 543 1256 624 quod

113 666 166 711 res
197 668 272 710 suas
289 668 353 712 nou
371 645 467 709 aliter
484 667 582 728 quam
599 651 730 709 nostras
746 647 896 728 proprias
912 646 1132 727 tractabimus,
1158 649 1254 713 facie-

116 775 253 838 musque
271 753 419 820 tracturi.

226 859 283 924 Ad
308 861 456 945 quintum
474 859 722 942 respondeatur,
740 861 827 943 quod
843 865 1018 945 postquam
1036 863 1083 928 M.
1101 860 1202 926 Suam
1218 865 1251 927 iu

113 970 354 1052 protectionem
365 991 436 1033 cum
447 973 537 1032 statu
555 989 612 1032 suo
631 969 840 1050 suscepimus
857 990 937 1049 eam,
955 975 1141 1051 statumque
1159 993 1253 1034 suum

114 1082 232 1141 eontra
242 1099 459 1160 quoscunque,
476 1077 531 1160 qui
542 1076 571 1140 ei
582 1075 704 1141 bellum
715 1076 880 1156 inferrent,
898 1098 1024 1160 semper
1035 1077 1253 1158 defendemua

115 1189 256 1268 excepta
283 1183 413 1250 Corona
429 1183 613 1264 Hungzuie,
640 1182 913 1266 quemadmodum
941 1188 976 1246 ut
1001 1205 1100 1266 supra
1117 1206 1248 1267 respou-

118 1291 234 1358 (1111111,
287 1352 289 1356 .

226 1398 283 1464 Ad
300 1406 424 1466 sextum
441 1399 688 1484 respondeatur,
705 1400 792 1483 quod
804 1400 893 1464 nullo
903 1406 1000 1482 pacto
1012 1400 1145 1483 dubitet,
1162 1402 1250 1485 quod

117 1507 322 1574 venientibus
339 1507 432 1573 nobis
450 1507 491 1572 ad
508 1508 652 1592 aliquam
668 1529 780 1590 paoem
799 1529 871 1572 cum
883 1507 1010 1573 Teucro
1028 1515 1086 1574 aut
1101 1509 1173 1576 aliis
1189 1513 1247 1575 ini-

114 1617 208 1682 micis
226 1615 354 1697 nostris,
380 1636 506 1698 semper
522 1614 568 1680 M.
586 1613 686 1680 Suam
702 1619 857 1680 memorie
876 1615 1076 1699 habebimur,
1102 1641 1141 1684 uc
1156 1619 1247 1684 illam

116 1727 151 1790 in
168 1730 341 1790 contractu
357 1724 513 1808 cujusque
529 1725 619 1807 pacis
635 1725 807 1803 nominari,
825 1745 863 1788 ac
880 1725 1002 1789 includi
1013 1725 1167 1790 faciemus
1179 1733 1249 1791 tau-

117 1855 218 1918 quam
236 1832 495 1898 oommendatum
512 1838 668 1897 nostrum.

226 1937 283 2004 Ad
300 1941 473 2024 septimum
490 1940 728 2023 respondeatur
745 1941 937 2004 Dominium
954 1945 1099 2006 nostrum
1116 1943 1254 2007 multum

116 2048 236 2113 fiducie
255 2049 288 2112 in
305 2049 425 2112 virtute
441 2053 475 2112 et
490 2046 762 2130 magnanimitate
773 2047 820 2110 M.
833 2045 900 2112 Suc
910 2047 1041 2128 habere,
1057 2070 1253 2132 sperareque
1298 2034 1303 2040 ¹

116 2157 176 2221 illa
202 2157 366 2222 mediante
392 2179 431 2222 11
456 2156 579 2222 viribus
606 2161 638 2220 et
664 2154 851 2220 defensione
868 2161 990 2236 nostra,
1019 2155 1105 2238 quod
1122 2154 1252 2220 Statum

118 2289 212 2330 suum
225 2267 439 2332 conservabit.
451 2265 575 2332 Verum
587 2266 621 2345 si,
635 2263 818 2348 quodDeus
829 2269 963 2338 avertat,
974 2284 1068 2328 casus
1078 2263 1243 2328 accideret

118 2375 165 2439 M.
177 2373 279 2440 Suam
295 2374 335 2439 ob
353 2374 558 2440 devotionem
574 2380 607 2438 et
622 2373 719 2438 fidem
738 2394 830 2436 suam
847 2393 973 2454 semper
991 2370 1252 2436 commendatam

119 2481 322 2562 habebimus,
340 2483 422 2546 1111
439 2482 653 2547 condecenter
669 2479 921 2563 providebimus.

228 2587 285 2654 Ad
310 2595 457 2654 octavum
482 2590 720 2672 respondeatur
736 2609 795 2652 nos
812 2607 881 2651 esse
899 2590 1078 2665 contentos,
1095 2591 1252 2668 quantum

119 2697 204 2782 petit
229 2697 346 2779 facere,
373 2703 410 2761 ut
436 2698 522 2762 iuter
538 2697 728 2762 Dominium
744 2700 891 2760 nostrum
908 2700 941 2759 et
957 2693 1003 2758 M.
1022 2691 1121 2758 Suam
1139 2695 1181 2759 sit
1197 2695 1253 2760 1111

120 2806 196 2871 1111
224 2810 325 2888 atque
350 2805 532 2886 concordia,
558 2827 620 2888 que
646 2804 687 2870 ob
717 2804 920 2870 devotionem
946 2808 978 2866 et
1002 2803 1099 2866 fidem
1125 2801 1170 2866 M.
1188 2800 1253 2867 Sue

123 2936 200 2997 erga
212 2912 402 2978 Dominium
419 2918 576 2993 nostrum,
594 2918 806 2994 nostrumque
823 2910 963 2976 inillam
980 2931 1122 2976 amorem
1139 2911 1254 2974 merito

123 3043 192 3086 esse
210 3019 315 3086 debet.
391 3043 399 3050 ·

231 3130 390 3196 Preterea
422 3137 628 3214 acceptamus
660 3151 770 3196 omues
803 3129 885 3194 11111
917 3127 1099 3194 oblationes
1125 3150 1183 3210 per
1208 3127 1254 3190 M.

124 3237 226 3304 Suam
252 3238 344 3302 nobis
371 3238 484 3319 factaS,
511 3241 595 3303 sicut
620 3243 749 3303 constat
774 3260 832 3320 per
859 3237 1053 3320 scripturam
1070 3257 1128 3318 per
1145 3257 1255 3319 supra-

125 3347 283 3428 scriptum
311 3347 486 3413 Oratorem
512 3368 605 3410 suum
630 3350 743 3410 nostro
763 3345 918 3409 Dominio
943 3348 1137 3427 porrectam,
1165 3343 1254 3426 cujus

128 3458 222 3518 tenor
240 3453 456 3536 subsequitur.
796 3511 798 3514 .

233 3559 284 3624 De
300 3567 392 3643 parte
480 3601 520 3610 -
570 3597 611 3605 -
661 3563 734 3624 180.

232 3669 284 3732 De
300 3691 365 3732 non
483 3708 520 3714 -
571 3706 613 3714 —
707 3674 735 3731 0.

232 3777 309 3842 Non
326 3777 442 3841 sinceri
484 3816 524 3825 -
574 3817 616 3825 -
710 3784 739 3840 0.

234 3939 391 4002 (Velenczei
405 3941 583 4004 allamkbuyv
599 3945 657 3990 158.
671 3941 700 4000 l.)
