<?xml version="1.0" encoding="UTF-8"?>
<!DOCTYPE html PUBLIC "-//W3C//DTD XHTML 1.0 Transitional//EN"
    "http://www.w3.org/TR/xhtml1/DTD/xhtml1-transitional.dtd">
<html xmlns="http://www.w3.org/1999/xhtml" xml:lang="en" lang="en">
 <head>
  <title>
</title>
<meta http-equiv="Content-Type" content="text/html;charset=utf-8" />
  <meta name='ocr-system' content='tesseract 3.04.00' />
  <meta name='ocr-capabilities' content='ocr_page ocr_carea ocr_par ocr_line ocrx_word'/>
</head>
<body>
  <div class='ocr_page' id='page_1' title='image "./magyardiplomacz01mattgoog_0141.png"; bbox 0 0 3268 5308; ppageno 0'>
   <div class='ocr_carea' id='block_1_1' title="bbox 645 339 1283 410">
    <p class='ocr_par' dir='ltr' id='par_1_1' title="bbox 645 339 1283 410">
     <span class='ocr_line' id='line_1_1' title="bbox 645 339 1283 410; baseline 0.006 -4"><span class='ocrx_word' id='word_1_1' title='bbox 645 341 738 406; x_wconf 78' lang='lat'>1461.</span> <span class='ocrx_word' id='word_1_2' title='bbox 1195 346 1252 410; x_wconf 91' lang='lat' dir='ltr'>lll</span> <span class='ocrx_word' id='word_1_3' title='bbox 1277 339 1283 346; x_wconf 72' lang='grc'>’</span> 
     </span>
    </p>
   </div>
   <div class='ocr_carea' id='block_1_2' title="bbox 68 516 1270 4590">
    <p class='ocr_par' dir='ltr' id='par_1_2' title="bbox 68 516 1270 4590">
     <span class='ocr_line' id='line_1_2' title="bbox 127 516 1257 606; baseline 0.01 -30"><span class='ocrx_word' id='word_1_4' title='bbox 127 535 262 596; x_wconf 84' lang='lat' dir='ltr'>gravem</span> <span class='ocrx_word' id='word_1_5' title='bbox 274 521 307 579; x_wconf 87' lang='lat' dir='ltr'>et</span> <span class='ocrx_word' id='word_1_6' title='bbox 317 516 532 598; x_wconf 83' lang='lat' dir='ltr'>ponderosam</span> <span class='ocrx_word' id='word_1_7' title='bbox 545 520 725 604; x_wconf 84' lang='lat' dir='ltr'><strong>materiam,</strong></span> <span class='ocrx_word' id='word_1_8' title='bbox 735 521 818 586; x_wconf 91' lang='lat' dir='ltr'>sicut</span> <span class='ocrx_word' id='word_1_9' title='bbox 828 528 877 586; x_wconf 89' lang='lat' dir='ltr'>est</span> <span class='ocrx_word' id='word_1_10' title='bbox 887 522 1257 606; x_wconf 80' lang='lat' dir='ltr'>ista&#39;Purchorum,quo-</span> 
     </span>
     <span class='ocr_line' id='line_1_3' title="bbox 128 622 1257 709; baseline 0.008 -23"><span class='ocrx_word' id='word_1_11' title='bbox 128 622 226 694; x_wconf 89' lang='lat' dir='ltr'>modo</span> <span class='ocrx_word' id='word_1_12' title='bbox 244 623 361 688; x_wconf 90' lang='lat' dir='ltr'>decens</span> <span class='ocrx_word' id='word_1_13' title='bbox 377 625 482 689; x_wconf 83' lang='lat' dir='ltr'>visum</span> <span class='ocrx_word' id='word_1_14' title='bbox 499 631 549 690; x_wconf 89' lang='lat' dir='ltr'>est</span> <span class='ocrx_word' id='word_1_15' title='bbox 565 627 668 709; x_wconf 77' lang='lat' dir='ltr'>nobie,</span> <span class='ocrx_word' id='word_1_16' title='bbox 687 650 726 693; x_wconf 89' lang='lat' dir='ltr'>ao</span> <span class='ocrx_word' id='word_1_17' title='bbox 742 636 853 696; x_wconf 89' lang='lat' dir='ltr'>nostro</span> <span class='ocrx_word' id='word_1_18' title='bbox 874 629 984 694; x_wconf 88' lang='lat' dir='ltr'>debito</span> <span class='ocrx_word' id='word_1_19' title='bbox 1004 631 1172 694; x_wconf 89' lang='lat' dir='ltr'>convenire</span> <span class='ocrx_word' id='word_1_20' title='bbox 1189 636 1257 695; x_wconf 88' lang='lat' dir='ltr'>tam</span> 
     </span>
     <span class='ocr_line' id='line_1_4' title="bbox 130 729 1256 821; baseline 0.006 -26"><span class='ocrx_word' id='word_1_21' title='bbox 130 729 342 798; x_wconf 79' lang='lat' dir='ltr'>Serenissimo</span> <span class='ocrx_word' id='word_1_22' title='bbox 359 753 397 796; x_wconf 89' lang='lat' dir='ltr'>ao</span> <span class='ocrx_word' id='word_1_23' title='bbox 409 731 675 800; x_wconf 85' lang='lat' dir='ltr'>Ohristamssimo</span> <span class='ocrx_word' id='word_1_24' title='bbox 686 736 770 820; x_wconf 85' lang='lat' dir='ltr'>Regi</span> <span class='ocrx_word' id='word_1_25' title='bbox 781 745 859 802; x_wconf 89' lang='lat' dir='ltr'>nota</span> <span class='ocrx_word' id='word_1_26' title='bbox 875 737 1003 803; x_wconf 87' lang='lat' dir='ltr'>afficere</span> <span class='ocrx_word' id='word_1_27' title='bbox 1014 738 1160 821; x_wconf 90' lang='lat' dir='ltr'>pericula</span> <span class='ocrx_word' id='word_1_28' title='bbox 1171 737 1256 802; x_wconf 80' lang='lat' dir='ltr'>Tur-</span> 
     </span>
     <span class='ocr_line' id='line_1_5' title="bbox 129 840 1255 928; baseline 0.008 -27"><span class='ocrx_word' id='word_1_29' title='bbox 129 840 263 904; x_wconf 92' lang='lat' dir='ltr'>chorum</span> <span class='ocrx_word' id='word_1_30' title='bbox 281 841 480 924; x_wconf 78' lang='lat' dir='ltr'>gravissimo,</span> <span class='ocrx_word' id='word_1_31' title='bbox 496 842 732 926; x_wconf 87' lang='lat' dir='ltr'>iminentiaque</span> <span class='ocrx_word' id='word_1_32' title='bbox 749 847 811 910; x_wconf 90' lang='lat' dir='ltr'>toti</span> <span class='ocrx_word' id='word_1_33' title='bbox 828 846 1004 911; x_wconf 77' lang='lat' dir='ltr'>christiane</span> <span class='ocrx_word' id='word_1_34' title='bbox 1018 846 1179 928; x_wconf 87' lang='lat' dir='ltr'>religioni,</span> <span class='ocrx_word' id='word_1_35' title='bbox 1195 868 1255 910; x_wconf 87' lang='lat' dir='ltr'>nec</span> 
     </span>
     <span class='ocr_line' id='line_1_6' title="bbox 128 947 1257 1037; baseline 0.007 -28"><span class='ocrx_word' id='word_1_36' title='bbox 128 947 210 1011; x_wconf 87' lang='lat' dir='ltr'>satis</span> <span class='ocrx_word' id='word_1_37' title='bbox 237 947 403 1030; x_wconf 76' lang='lat' dir='ltr'>extollere,</span> <span class='ocrx_word' id='word_1_38' title='bbox 428 969 489 1016; x_wconf 88' lang='lat' dir='ltr'>nec</span> <span class='ocrx_word' id='word_1_39' title='bbox 515 950 677 1035; x_wconf 90' lang='lat' dir='ltr'>condigna</span> <span class='ocrx_word' id='word_1_40' title='bbox 704 953 801 1017; x_wconf 88' lang='lat' dir='ltr'>laude</span> <span class='ocrx_word' id='word_1_41' title='bbox 826 955 980 1037; x_wconf 85' lang='lat' dir='ltr'>prosequi</span> <span class='ocrx_word' id='word_1_42' title='bbox 1005 974 1176 1036; x_wconf 90' lang='lat' dir='ltr'>possumus</span> <span class='ocrx_word' id='word_1_43' title='bbox 1193 953 1257 1017; x_wconf 88' lang='lat' dir='ltr'>Ro-</span> 
     </span>
     <span class='ocr_line' id='line_1_7' title="bbox 130 1055 1256 1144; baseline 0.007 -27"><span class='ocrx_word' id='word_1_44' title='bbox 130 1055 219 1136; x_wconf 90' lang='lat' dir='ltr'>giam</span> <span class='ocrx_word' id='word_1_45' title='bbox 235 1056 447 1139; x_wconf 87' lang='lat' dir='ltr'>Majestatem</span> <span class='ocrx_word' id='word_1_46' title='bbox 465 1056 566 1124; x_wconf 82' lang='lat' dir='ltr'>Suam</span> <span class='ocrx_word' id='word_1_47' title='bbox 582 1057 621 1123; x_wconf 89' lang='lat' dir='ltr'>de</span> <span class='ocrx_word' id='word_1_48' title='bbox 640 1065 708 1123; x_wconf 89' lang='lat' dir='ltr'>tam</span> <span class='ocrx_word' id='word_1_49' title='bbox 725 1066 837 1125; x_wconf 89' lang='lat' dir='ltr'>sancto</span> <span class='ocrx_word' id='word_1_50' title='bbox 864 1061 934 1144; x_wconf 87' lang='lat' dir='ltr'>ejus</span> <span class='ocrx_word' id='word_1_51' title='bbox 950 1062 1125 1144; x_wconf 89' lang='lat' dir='ltr'>proposito,</span> <span class='ocrx_word' id='word_1_52' title='bbox 1153 1061 1256 1143; x_wconf 90' lang='lat' dir='ltr'>deque</span> 
     </span>
     <span class='ocr_line' id='line_1_8' title="bbox 129 1164 1256 1250; baseline 0.005 -24"><span class='ocrx_word' id='word_1_53' title='bbox 129 1165 347 1246; x_wconf 81' lang='lat' dir='ltr'>magnanimis</span> <span class='ocrx_word' id='word_1_54' title='bbox 362 1164 584 1232; x_wconf 79' lang='lat' dir='ltr'>oblationibus</span> <span class='ocrx_word' id='word_1_55' title='bbox 604 1168 679 1250; x_wconf 91' lang='lat' dir='ltr'>suis,</span> <span class='ocrx_word' id='word_1_56' title='bbox 701 1169 831 1233; x_wconf 89' lang='lat' dir='ltr'>volendi</span> <span class='ocrx_word' id='word_1_57' title='bbox 846 1169 952 1235; x_wconf 91' lang='lat' dir='ltr'>facere</span> <span class='ocrx_word' id='word_1_58' title='bbox 969 1175 1083 1234; x_wconf 90' lang='lat' dir='ltr'>contra</span> <span class='ocrx_word' id='word_1_59' title='bbox 1100 1167 1256 1232; x_wconf 79' lang='lat' dir='ltr'>Turchos.</span> 
     </span>
     <span class='ocr_line' id='line_1_9' title="bbox 127 1269 1255 1360; baseline 0.003 -25"><span class='ocrx_word' id='word_1_60' title='bbox 127 1269 302 1337; x_wconf 84' lang='lat' dir='ltr'>Nescimus</span> <span class='ocrx_word' id='word_1_61' title='bbox 319 1294 442 1356; x_wconf 85' lang='lat' dir='ltr'>nempe,</span> <span class='ocrx_word' id='word_1_62' title='bbox 459 1275 546 1356; x_wconf 90' lang='lat' dir='ltr'>quod</span> <span class='ocrx_word' id='word_1_63' title='bbox 562 1274 737 1341; x_wconf 82' lang='lat' dir='ltr'>Serenitas·</span> <span class='ocrx_word' id='word_1_64' title='bbox 749 1274 816 1341; x_wconf 82' lang='lat' dir='ltr'>Sua</span> <span class='ocrx_word' id='word_1_65' title='bbox 831 1275 936 1342; x_wconf 86' lang='lat' dir='ltr'>facere</span> <span class='ocrx_word' id='word_1_66' title='bbox 952 1276 1056 1360; x_wconf 85' lang='lat' dir='ltr'>possit</span> <span class='ocrx_word' id='word_1_67' title='bbox 1071 1295 1139 1340; x_wconf 90' lang='lat' dir='ltr'>rem</span> <span class='ocrx_word' id='word_1_68' title='bbox 1156 1275 1255 1340; x_wconf 88' lang='lat' dir='ltr'>ullam</span> 
     </span>
     <span class='ocr_line' id='line_1_10' title="bbox 127 1380 1267 1466; baseline 0.004 -23"><span class='ocrx_word' id='word_1_69' title='bbox 127 1381 233 1461; x_wconf 88' lang='lat' dir='ltr'>magis</span> <span class='ocrx_word' id='word_1_70' title='bbox 265 1380 466 1446; x_wconf 78' lang='lat' dir='ltr'>salutiferam</span> <span class='ocrx_word' id='word_1_71' title='bbox 506 1383 629 1448; x_wconf 90' lang='lat' dir='ltr'>nomini</span> <span class='ocrx_word' id='word_1_72' title='bbox 655 1383 840 1466; x_wconf 88' lang='lat' dir='ltr'>christiano,</span> <span class='ocrx_word' id='word_1_73' title='bbox 865 1405 923 1448; x_wconf 90' lang='lat' dir='ltr'>nec</span> <span class='ocrx_word' id='word_1_74' title='bbox 948 1385 1125 1448; x_wconf 91' lang='lat' dir='ltr'>immortali</span> <span class='ocrx_word' id='word_1_75' title='bbox 1151 1380 1267 1466; x_wconf 83' lang='lat' dir='ltr'>gloria</span> 
     </span>
     <span class='ocr_line' id='line_1_11' title="bbox 128 1487 1257 1574; baseline 0.002 -22"><span class='ocrx_word' id='word_1_76' title='bbox 128 1487 199 1552; x_wconf 85' lang='lat' dir='ltr'>Sua</span> <span class='ocrx_word' id='word_1_77' title='bbox 223 1489 329 1572; x_wconf 91' lang='lat' dir='ltr'>magis</span> <span class='ocrx_word' id='word_1_78' title='bbox 350 1488 491 1572; x_wconf 85' lang='lat' dir='ltr'>dignam,</span> <span class='ocrx_word' id='word_1_79' title='bbox 517 1510 616 1573; x_wconf 92' lang='lat' dir='ltr'>quam</span> <span class='ocrx_word' id='word_1_80' title='bbox 632 1491 790 1556; x_wconf 86' lang='lat' dir='ltr'>imitando</span> <span class='ocrx_word' id='word_1_81' title='bbox 807 1492 954 1574; x_wconf 85' lang='lat' dir='ltr'>exempla</span> <span class='ocrx_word' id='word_1_82' title='bbox 971 1488 1257 1556; x_wconf 85' lang='lat' dir='ltr'>Serenissimorum</span> 
     </span>
     <span class='ocr_line' id='line_1_12' title="bbox 126 1595 1255 1680; baseline 0.002 -22"><span class='ocrx_word' id='word_1_83' title='bbox 126 1596 374 1677; x_wconf 88' lang='lat' dir='ltr'>progenitorum</span> <span class='ocrx_word' id='word_1_84' title='bbox 391 1616 531 1675; x_wconf 91' lang='lat' dir='ltr'>suorum,</span> <span class='ocrx_word' id='word_1_85' title='bbox 557 1617 690 1679; x_wconf 87' lang='lat' dir='ltr'>operam</span> <span class='ocrx_word' id='word_1_86' title='bbox 707 1596 870 1680; x_wconf 88' lang='lat' dir='ltr'>adhibere,</span> <span class='ocrx_word' id='word_1_87' title='bbox 886 1597 1082 1680; x_wconf 89' lang='lat' dir='ltr'>reprimendi</span> <span class='ocrx_word' id='word_1_88' title='bbox 1099 1595 1255 1662; x_wconf 87' lang='lat' dir='ltr'>nefandos</span> 
     </span>
     <span class='ocr_line' id='line_1_13' title="bbox 127 1702 1255 1788; baseline 0.002 -24"><span class='ocrx_word' id='word_1_89' title='bbox 127 1703 293 1785; x_wconf 87' lang='lat' dir='ltr'>cogitatus</span> <span class='ocrx_word' id='word_1_90' title='bbox 308 1703 402 1768; x_wconf 90' lang='lat' dir='ltr'>istius</span> <span class='ocrx_word' id='word_1_91' title='bbox 414 1704 608 1770; x_wconf 86' lang='lat' dir='ltr'>universalis</span> <span class='ocrx_word' id='word_1_92' title='bbox 623 1705 727 1769; x_wconf 89' lang='lat' dir='ltr'>hostis</span> <span class='ocrx_word' id='word_1_93' title='bbox 745 1704 1005 1770; x_wconf 90' lang='lat' dir='ltr'>christianorum.</span> <span class='ocrx_word' id='word_1_94' title='bbox 1025 1702 1075 1770; x_wconf 84' lang='lat' dir='ltr'>At</span> <span class='ocrx_word' id='word_1_95' title='bbox 1091 1703 1255 1788; x_wconf 90' lang='lat' dir='ltr'>quomodo</span> 
     </span>
     <span class='ocr_line' id='line_1_14' title="bbox 124 1809 1257 1896; baseline -0.002 -22"><span class='ocrx_word' id='word_1_96' title='bbox 124 1811 290 1894; x_wconf 82' lang='lat' dir='ltr'>Majestas</span> <span class='ocrx_word' id='word_1_97' title='bbox 309 1809 377 1876; x_wconf 84' lang='lat' dir='ltr'>Sua</span> <span class='ocrx_word' id='word_1_98' title='bbox 392 1811 425 1874; x_wconf 92' lang='lat' dir='ltr'>in</span> <span class='ocrx_word' id='word_1_99' title='bbox 443 1813 628 1896; x_wconf 86' lang='lat' dir='ltr'>oppositum</span> <span class='ocrx_word' id='word_1_100' title='bbox 654 1810 782 1877; x_wconf 88' lang='lat' dir='ltr'>videtur</span> <span class='ocrx_word' id='word_1_101' title='bbox 806 1811 969 1876; x_wconf 89' lang='lat' dir='ltr'>adducere</span> <span class='ocrx_word' id='word_1_102' title='bbox 995 1810 1185 1876; x_wconf 86' lang='lat' dir='ltr'>distantiam</span> <span class='ocrx_word' id='word_1_103' title='bbox 1211 1809 1257 1873; x_wconf 94' lang='lat' dir='ltr'>lo-</span> 
     </span>
     <span class='ocr_line' id='line_1_15' title="bbox 124 1916 1256 2002; baseline -0.002 -20"><span class='ocrx_word' id='word_1_104' title='bbox 124 1940 241 1998; x_wconf 80' lang='lat' dir='ltr'>corum</span> <span class='ocrx_word' id='word_1_105' title='bbox 258 1939 399 2001; x_wconf 90' lang='lat' dir='ltr'>suorum,</span> <span class='ocrx_word' id='word_1_106' title='bbox 419 1919 593 2002; x_wconf 90' lang='lat' dir='ltr'>allegando</span> <span class='ocrx_word' id='word_1_107' title='bbox 610 1918 814 1984; x_wconf 92' lang='lat' dir='ltr'>solummodo</span> <span class='ocrx_word' id='word_1_108' title='bbox 832 1919 913 1984; x_wconf 90' lang='lat' dir='ltr'>duas</span> <span class='ocrx_word' id='word_1_109' title='bbox 931 1937 1000 1982; x_wconf 87' lang='lat' dir='ltr'>esse</span> <span class='ocrx_word' id='word_1_110' title='bbox 1017 1917 1087 1982; x_wconf 88' lang='lat' dir='ltr'>vias</span> <span class='ocrx_word' id='word_1_111' title='bbox 1104 1916 1147 1981; x_wconf 91' lang='lat' dir='ltr'>ad</span> <span class='ocrx_word' id='word_1_112' title='bbox 1171 1916 1256 1980; x_wconf 88' lang='lat' dir='ltr'>hanc</span> 
     </span>
     <span class='ocr_line' id='line_1_16' title="bbox 124 2023 1256 2110; baseline -0.002 -22"><span class='ocrx_word' id='word_1_113' title='bbox 124 2026 317 2107; x_wconf 89' lang='lat' dir='ltr'>impresiam</span> <span class='ocrx_word' id='word_1_114' title='bbox 332 2025 582 2110; x_wconf 78' lang='lat' dir='ltr'>suscipiendam,</span> <span class='ocrx_word' id='word_1_115' title='bbox 611 2024 771 2106; x_wconf 89' lang='lat' dir='ltr'>videlicet,</span> <span class='ocrx_word' id='word_1_116' title='bbox 797 2025 935 2088; x_wconf 88' lang='lat' dir='ltr'>alteram</span> <span class='ocrx_word' id='word_1_117' title='bbox 960 2045 1019 2107; x_wconf 90' lang='lat' dir='ltr'>per</span> <span class='ocrx_word' id='word_1_118' title='bbox 1037 2023 1256 2106; x_wconf 88' lang='lat' dir='ltr'>Hungariam,</span> 
     </span>
     <span class='ocr_line' id='line_1_17' title="bbox 127 2132 1256 2220; baseline -0.001 -22"><span class='ocrx_word' id='word_1_119' title='bbox 127 2155 194 2216; x_wconf 90' lang='lat' dir='ltr'>que</span> <span class='ocrx_word' id='word_1_120' title='bbox 225 2132 383 2215; x_wconf 87' lang='lat' dir='ltr'>impedita</span> <span class='ocrx_word' id='word_1_121' title='bbox 410 2142 460 2202; x_wconf 90' lang='lat' dir='ltr'>est</span> <span class='ocrx_word' id='word_1_122' title='bbox 479 2158 538 2220; x_wconf 90' lang='lat' dir='ltr'>pro</span> <span class='ocrx_word' id='word_1_123' title='bbox 565 2135 755 2218; x_wconf 86' lang='lat' dir='ltr'>differentijs</span> <span class='ocrx_word' id='word_1_124' title='bbox 771 2133 990 2217; x_wconf 84' lang='lat' dir='ltr'>Imperatorio</span> <span class='ocrx_word' id='word_1_125' title='bbox 1006 2132 1198 2214; x_wconf 85' lang='lat' dir='ltr'>Mojcstatis</span> <span class='ocrx_word' id='word_1_126' title='bbox 1223 2138 1256 2197; x_wconf 86' lang='lat' dir='ltr'>et</span> 
     </span>
     <span class='ocr_line' id='line_1_18' title="bbox 128 2237 1258 2324; baseline -0.004 -18"><span class='ocrx_word' id='word_1_127' title='bbox 128 2240 369 2307; x_wconf 86' lang='lat' dir='ltr'>Alemanorum</span> <span class='ocrx_word' id='word_1_128' title='bbox 384 2264 456 2308; x_wconf 91' lang='lat' dir='ltr'>cum</span> <span class='ocrx_word' id='word_1_129' title='bbox 474 2243 664 2324; x_wconf 89' lang='lat' dir='ltr'>Hungaris;</span> <span class='ocrx_word' id='word_1_130' title='bbox 691 2243 796 2306; x_wconf 89' lang='lat' dir='ltr'>altera</span> <span class='ocrx_word' id='word_1_131' title='bbox 812 2246 861 2305; x_wconf 91' lang='lat' dir='ltr'>est</span> <span class='ocrx_word' id='word_1_132' title='bbox 882 2260 940 2323; x_wconf 90' lang='lat' dir='ltr'>per</span> <span class='ocrx_word' id='word_1_133' title='bbox 955 2240 1042 2304; x_wconf 84' lang='lat' dir='ltr'>viam</span> <span class='ocrx_word' id='word_1_134' title='bbox 1057 2237 1082 2303; x_wconf 89' lang='lat' dir='ltr'><strong>J</strong></span> <span class='ocrx_word' id='word_1_135' title='bbox 1084 2259 1174 2318; x_wconf 88' lang='lat' dir='ltr'>anne,</span> <span class='ocrx_word' id='word_1_136' title='bbox 1199 2258 1258 2320; x_wconf 87' lang='lat' dir='ltr'>per</span> 
     </span>
     <span class='ocr_line' id='line_1_19' title="bbox 126 2345 1258 2432; baseline -0.002 -20"><span class='ocrx_word' id='word_1_137' title='bbox 126 2370 230 2432; x_wconf 90' lang='lat' dir='ltr'>quam</span> <span class='ocrx_word' id='word_1_138' title='bbox 246 2356 397 2432; x_wconf 90' lang='lat' dir='ltr'>potenter</span> <span class='ocrx_word' id='word_1_139' title='bbox 413 2350 588 2416; x_wconf 87' lang='lat' dir='ltr'>transitum</span> <span class='ocrx_word' id='word_1_140' title='bbox 604 2350 712 2414; x_wconf 89' lang='lat' dir='ltr'>facere</span> <span class='ocrx_word' id='word_1_141' title='bbox 737 2353 848 2432; x_wconf 86' lang='lat' dir='ltr'>posset</span> <span class='ocrx_word' id='word_1_142' title='bbox 869 2369 942 2412; x_wconf 87' lang='lat' dir='ltr'>cum</span> <span class='ocrx_word' id='word_1_143' title='bbox 968 2345 1069 2410; x_wconf 89' lang='lat' dir='ltr'>classe</span> <span class='ocrx_word' id='word_1_144' title='bbox 1095 2345 1258 2410; x_wconf 88' lang='lat' dir='ltr'>maritima</span> 
     </span>
     <span class='ocr_line' id='line_1_20' title="bbox 125 2451 1258 2542; baseline -0.003 -22"><span class='ocrx_word' id='word_1_145' title='bbox 125 2460 160 2520; x_wconf 91' lang='lat' dir='ltr'>in</span> <span class='ocrx_word' id='word_1_146' title='bbox 179 2457 341 2540; x_wconf 86' lang='lat' dir='ltr'>Regnum,</span> <span class='ocrx_word' id='word_1_147' title='bbox 356 2458 495 2542; x_wconf 90' lang='lat' dir='ltr'>indeque</span> <span class='ocrx_word' id='word_1_148' title='bbox 511 2480 570 2542; x_wconf 90' lang='lat' dir='ltr'>per</span> <span class='ocrx_word' id='word_1_149' title='bbox 585 2458 670 2524; x_wconf 84' lang='lat' dir='ltr'>viam</span> <span class='ocrx_word' id='word_1_150' title='bbox 695 2456 875 2540; x_wconf 85' lang='lat' dir='ltr'>Brundusij</span> <span class='ocrx_word' id='word_1_151' title='bbox 903 2477 937 2520; x_wconf 90' lang='lat' dir='ltr'>se</span> <span class='ocrx_word' id='word_1_152' title='bbox 963 2452 1110 2518; x_wconf 87' lang='lat' dir='ltr'>conferre</span> <span class='ocrx_word' id='word_1_153' title='bbox 1134 2451 1258 2537; x_wconf 88' lang='lat' dir='ltr'>Dyrra·</span> 
     </span>
     <span class='ocr_line' id='line_1_21' title="bbox 126 2561 1257 2651; baseline -0.002 -23"><span class='ocrx_word' id='word_1_154' title='bbox 126 2565 238 2630; x_wconf 87' lang='lat' dir='ltr'>chium</span> <span class='ocrx_word' id='word_1_155' title='bbox 254 2572 316 2631; x_wconf 88' lang='lat' dir='ltr'>eet.</span> <span class='ocrx_word' id='word_1_156' title='bbox 332 2566 479 2651; x_wconf 88' lang='lat' dir='ltr'>Ideoque</span> <span class='ocrx_word' id='word_1_157' title='bbox 494 2569 709 2632; x_wconf 89' lang='lat' dir='ltr'>necessarium</span> <span class='ocrx_word' id='word_1_158' title='bbox 729 2567 798 2630; x_wconf 85' lang='lat' dir='ltr'>fore</span> <span class='ocrx_word' id='word_1_159' title='bbox 814 2563 940 2644; x_wconf 87' lang='lat' dir='ltr'>asserit,</span> <span class='ocrx_word' id='word_1_160' title='bbox 964 2567 1002 2626; x_wconf 86' lang='lat' dir='ltr'>ut</span> <span class='ocrx_word' id='word_1_161' title='bbox 1016 2563 1107 2645; x_wconf 92' lang='lat' dir='ltr'>prius</span> <span class='ocrx_word' id='word_1_162' title='bbox 1136 2561 1257 2627; x_wconf 89' lang='lat' dir='ltr'>habeat</span> 
     </span>
     <span class='ocr_line' id='line_1_22' title="bbox 126 2669 1257 2758; baseline -0.003 -22"><span class='ocrx_word' id='word_1_163' title='bbox 126 2674 244 2740; x_wconf 89' lang='lat' dir='ltr'>urbem</span> <span class='ocrx_word' id='word_1_164' title='bbox 270 2696 363 2740; x_wconf 89' lang='lat' dir='ltr'>suam</span> <span class='ocrx_word' id='word_1_165' title='bbox 379 2675 404 2741; x_wconf 87' lang='lat' dir='ltr'><strong>J</strong></span> <span class='ocrx_word' id='word_1_166' title='bbox 406 2696 497 2758; x_wconf 90' lang='lat' dir='ltr'>anue,</span> <span class='ocrx_word' id='word_1_167' title='bbox 524 2674 707 2758; x_wconf 89' lang='lat' dir='ltr'>deindeque</span> <span class='ocrx_word' id='word_1_168' title='bbox 724 2673 885 2755; x_wconf 86' lang='lat' dir='ltr'>Regnum,</span> <span class='ocrx_word' id='word_1_169' title='bbox 900 2693 961 2754; x_wconf 92' lang='lat' dir='ltr'>pro</span> <span class='ocrx_word' id='word_1_170' title='bbox 978 2692 1044 2754; x_wconf 92' lang='lat' dir='ltr'>qua</span> <span class='ocrx_word' id='word_1_171' title='bbox 1063 2692 1098 2735; x_wconf 91' lang='lat' dir='ltr'>re</span> <span class='ocrx_word' id='word_1_172' title='bbox 1123 2669 1257 2735; x_wconf 89' lang='lat' dir='ltr'>celerius</span> 
     </span>
     <span class='ocr_line' id='line_1_23' title="bbox 126 2777 1257 2866; baseline -0.005 -20"><span class='ocrx_word' id='word_1_173' title='bbox 126 2783 321 2866; x_wconf 86' lang='lat' dir='ltr'>exequenda</span> <span class='ocrx_word' id='word_1_174' title='bbox 344 2783 482 2865; x_wconf 88' lang='lat' dir='ltr'>requirit</span> <span class='ocrx_word' id='word_1_175' title='bbox 506 2781 635 2848; x_wconf 81' lang='lat' dir='ltr'>favores</span> <span class='ocrx_word' id='word_1_176' title='bbox 661 2787 789 2847; x_wconf 87' lang='lat' dir='ltr'>nostros</span> <span class='ocrx_word' id='word_1_177' title='bbox 814 2780 858 2846; x_wconf 91' lang='lat' dir='ltr'>ad</span> <span class='ocrx_word' id='word_1_178' title='bbox 883 2779 1026 2845; x_wconf 80' lang='lat' dir='ltr'>danuam</span> <span class='ocrx_word' id='word_1_179' title='bbox 1051 2784 1083 2844; x_wconf 89' lang='lat' dir='ltr'>et</span> <span class='ocrx_word' id='word_1_180' title='bbox 1106 2777 1257 2859; x_wconf 87' lang='lat' dir='ltr'>Regnum</span> 
     </span>
     <span class='ocr_line' id='line_1_24' title="bbox 126 2885 1258 2974; baseline -0.005 -20"><span class='ocrx_word' id='word_1_181' title='bbox 126 2892 237 2972; x_wconf 89' lang='lat' dir='ltr'>ipsum</span> <span class='ocrx_word' id='word_1_182' title='bbox 254 2891 476 2958; x_wconf 86' lang='lat' dir='ltr'>obtinendum.</span> <span class='ocrx_word' id='word_1_183' title='bbox 508 2893 658 2958; x_wconf 64' lang='lat' dir='ltr'>Dicimus</span> <span class='ocrx_word' id='word_1_184' title='bbox 673 2891 812 2974; x_wconf 90' lang='lat' dir='ltr'>primum</span> <span class='ocrx_word' id='word_1_185' title='bbox 838 2892 925 2954; x_wconf 87' lang='lat' dir='ltr'>circa</span> <span class='ocrx_word' id='word_1_186' title='bbox 950 2886 1084 2967; x_wconf 86' lang='lat' dir='ltr'>favores,</span> <span class='ocrx_word' id='word_1_187' title='bbox 1110 2885 1197 2969; x_wconf 92' lang='lat' dir='ltr'>quod</span> <span class='ocrx_word' id='word_1_188' title='bbox 1221 2889 1258 2949; x_wconf 86' lang='lat' dir='ltr'>ut</span> 
     </span>
     <span class='ocr_line' id='line_1_25' title="bbox 126 2991 1258 3085; baseline -0.008 -21"><span class='ocrx_word' id='word_1_189' title='bbox 126 3007 243 3066; x_wconf 90' lang='lat' dir='ltr'>notum</span> <span class='ocrx_word' id='word_1_190' title='bbox 260 3006 312 3065; x_wconf 87' lang='lat' dir='ltr'>est</span> <span class='ocrx_word' id='word_1_191' title='bbox 327 2999 499 3085; x_wconf 86' lang='lat' dir='ltr'>Majestati</span> <span class='ocrx_word' id='word_1_192' title='bbox 516 2999 589 3083; x_wconf 86' lang='lat' dir='ltr'>Sue,</span> <span class='ocrx_word' id='word_1_193' title='bbox 614 3021 672 3066; x_wconf 91' lang='lat' dir='ltr'>nos</span> <span class='ocrx_word' id='word_1_194' title='bbox 690 2999 730 3065; x_wconf 88' lang='lat' dir='ltr'>de</span> <span class='ocrx_word' id='word_1_195' title='bbox 755 2999 851 3064; x_wconf 85' lang='lat' dir='ltr'>rebus</span> <span class='ocrx_word' id='word_1_196' title='bbox 876 2997 942 3060; x_wconf 90' lang='lat' dir='ltr'>illis</span> <span class='ocrx_word' id='word_1_197' title='bbox 959 2994 1068 3060; x_wconf 87' lang='lat' dir='ltr'>Janue</span> <span class='ocrx_word' id='word_1_198' title='bbox 1094 2998 1127 3057; x_wconf 85' lang='lat' dir='ltr'>et</span> <span class='ocrx_word' id='word_1_199' title='bbox 1151 2991 1258 3074; x_wconf 87' lang='lat' dir='ltr'>Regni</span> 
     </span>
     <span class='ocr_line' id='line_1_26' title="bbox 126 3099 1257 3192; baseline -0.008 -20"><span class='ocrx_word' id='word_1_200' title='bbox 126 3109 205 3172; x_wconf 91' lang='lat' dir='ltr'>licet</span> <span class='ocrx_word' id='word_1_201' title='bbox 220 3109 411 3176; x_wconf 90' lang='lat' dir='ltr'>multotiens</span> <span class='ocrx_word' id='word_1_202' title='bbox 428 3115 500 3175; x_wconf 86' lang='lat' dir='ltr'>eta</span> <span class='ocrx_word' id='word_1_203' title='bbox 525 3109 659 3174; x_wconf 76' lang='lat' dir='ltr'>dirersis</span> <span class='ocrx_word' id='word_1_204' title='bbox 684 3107 842 3192; x_wconf 89' lang='lat' dir='ltr'>personis,</span> <span class='ocrx_word' id='word_1_205' title='bbox 867 3105 1031 3188; x_wconf 87' lang='lat' dir='ltr'>varijsque</span> <span class='ocrx_word' id='word_1_206' title='bbox 1056 3099 1257 3184; x_wconf 89' lang='lat' dir='ltr'>temporibus</span> 
     </span>
     <span class='ocr_line' id='line_1_27' title="bbox 127 3210 1258 3293; baseline -0.004 -15"><span class='ocrx_word' id='word_1_207' title='bbox 127 3217 218 3280; x_wconf 86' lang='lat' dir='ltr'>&#39;circa</span> <span class='ocrx_word' id='word_1_208' title='bbox 233 3215 267 3280; x_wconf 94' lang='lat' dir='ltr'>id</span> <span class='ocrx_word' id='word_1_209' title='bbox 288 3217 406 3280; x_wconf 87' lang='lat' dir='ltr'>tentati</span> <span class='ocrx_word' id='word_1_210' title='bbox 432 3214 596 3293; x_wconf 82' lang='lat' dir='ltr'>fuerimus,</span> <span class='ocrx_word' id='word_1_211' title='bbox 621 3221 731 3280; x_wconf 86' lang='lat' dir='ltr'>tamen</span> <span class='ocrx_word' id='word_1_212' title='bbox 758 3212 799 3279; x_wconf 91' lang='lat' dir='ltr'>ob</span> <span class='ocrx_word' id='word_1_213' title='bbox 824 3212 1028 3278; x_wconf 87' lang='lat' dir='ltr'>affectionem</span> <span class='ocrx_word' id='word_1_214' title='bbox 1053 3214 1201 3275; x_wconf 90' lang='lat' dir='ltr'>nostram</span> <span class='ocrx_word' id='word_1_215' title='bbox 1224 3210 1258 3274; x_wconf 90' lang='lat' dir='ltr'>in</span> 
     </span>
     <span class='ocr_line' id='line_1_28' title="bbox 128 3319 1258 3407; baseline -0.006 -18"><span class='ocrx_word' id='word_1_216' title='bbox 128 3324 344 3406; x_wconf 84' lang='lat' dir='ltr'>Majestatem</span> <span class='ocrx_word' id='word_1_217' title='bbox 361 3346 452 3390; x_wconf 91' lang='lat' dir='ltr'>suam</span> <span class='ocrx_word' id='word_1_218' title='bbox 468 3344 634 3407; x_wconf 89' lang='lat' dir='ltr'>nunquam</span> <span class='ocrx_word' id='word_1_219' title='bbox 652 3321 810 3405; x_wconf 86' lang='lat' dir='ltr'>impedire</span> <span class='ocrx_word' id='word_1_220' title='bbox 835 3339 894 3386; x_wconf 84' lang='lat' dir='ltr'>nos</span> <span class='ocrx_word' id='word_1_221' title='bbox 910 3320 1088 3400; x_wconf 83' lang='lat' dir='ltr'>voluimus;</span> <span class='ocrx_word' id='word_1_222' title='bbox 1116 3324 1150 3384; x_wconf 89' lang='lat' dir='ltr'>et</span> <span class='ocrx_word' id='word_1_223' title='bbox 1174 3319 1200 3381; x_wconf 89' lang='lat' dir='ltr'>si</span> <span class='ocrx_word' id='word_1_224' title='bbox 1224 3319 1258 3382; x_wconf 91' lang='lat' dir='ltr'>in</span> 
     </span>
     <span class='ocr_line' id='line_1_29' title="bbox 127 3423 1260 3516; baseline -0.009 -20"><span class='ocrx_word' id='word_1_225' title='bbox 127 3432 273 3516; x_wconf 89' lang='lat' dir='ltr'>aliquam</span> <span class='ocrx_word' id='word_1_226' title='bbox 296 3438 422 3514; x_wconf 88' lang='lat' dir='ltr'>partem</span> <span class='ocrx_word' id='word_1_227' title='bbox 439 3430 681 3509; x_wconf 79' lang='lat' dir='ltr'>declinavimus,</span> <span class='ocrx_word' id='word_1_228' title='bbox 696 3427 730 3492; x_wconf 91' lang='lat' dir='ltr'>id</span> <span class='ocrx_word' id='word_1_229' title='bbox 746 3427 809 3492; x_wconf 89' lang='lat' dir='ltr'>fuit</span> <span class='ocrx_word' id='word_1_230' title='bbox 829 3429 862 3490; x_wconf 90' lang='lat' dir='ltr'>in</span> <span class='ocrx_word' id='word_1_231' title='bbox 890 3432 1016 3509; x_wconf 91' lang='lat' dir='ltr'>partem</span> <span class='ocrx_word' id='word_1_232' title='bbox 1042 3423 1106 3490; x_wconf 84' lang='lat' dir='ltr'>Sue</span> <span class='ocrx_word' id='word_1_233' title='bbox 1132 3423 1260 3490; x_wconf 84' lang='lat' dir='ltr'>Sereni-</span> 
     </span>
     <span class='ocr_line' id='line_1_30' title="bbox 127 3532 1270 3622; baseline -0.01 -18"><span class='ocrx_word' id='word_1_234' title='bbox 127 3541 217 3619; x_wconf 80' lang='lat' dir='ltr'>tatis,</span> <span class='ocrx_word' id='word_1_235' title='bbox 234 3541 318 3604; x_wconf 91' lang='lat' dir='ltr'>siout</span> <span class='ocrx_word' id='word_1_236' title='bbox 334 3560 392 3622; x_wconf 90' lang='lat' dir='ltr'>per</span> <span class='ocrx_word' id='word_1_237' title='bbox 408 3539 528 3604; x_wconf 90' lang='lat' dir='ltr'>multas</span> <span class='ocrx_word' id='word_1_238' title='bbox 545 3537 761 3622; x_wconf 85' lang='lat' dir='ltr'>experientias</span> <span class='ocrx_word' id='word_1_239' title='bbox 778 3537 927 3616; x_wconf 89' lang='lat' dir='ltr'>cognosci</span> <span class='ocrx_word' id='word_1_240' title='bbox 952 3534 1076 3615; x_wconf 75' lang='lat' dir='ltr'>potuit,</span> <span class='ocrx_word' id='word_1_241' title='bbox 1104 3537 1137 3596; x_wconf 89' lang='lat' dir='ltr'>et</span> <span class='ocrx_word' id='word_1_242' title='bbox 1161 3532 1270 3596; x_wconf 85' lang='lat' dir='ltr'>sicuti</span> 
     </span>
     <span class='ocr_line' id='line_1_31' title="bbox 129 3637 1259 3731; baseline -0.012 -17"><span class='ocrx_word' id='word_1_243' title='bbox 129 3651 230 3714; x_wconf 90' lang='lat' dir='ltr'>etiam</span> <span class='ocrx_word' id='word_1_244' title='bbox 247 3668 374 3731; x_wconf 86' lang='lat' dir='ltr'>semper</span> <span class='ocrx_word' id='word_1_245' title='bbox 390 3647 624 3714; x_wconf 78' lang='lat' dir='ltr'>declaravimus</span> <span class='ocrx_word' id='word_1_246' title='bbox 640 3645 752 3709; x_wconf 91' lang='lat' dir='ltr'>multis</span> <span class='ocrx_word' id='word_1_247' title='bbox 769 3642 968 3712; x_wconf 86' lang='lat' dir='ltr'>Oratoribus</span> <span class='ocrx_word' id='word_1_248' title='bbox 984 3642 1060 3723; x_wconf 91' lang='lat' dir='ltr'>suis,</span> <span class='ocrx_word' id='word_1_249' title='bbox 1076 3640 1132 3723; x_wconf 92' lang='lat' dir='ltr'>qui</span> <span class='ocrx_word' id='word_1_250' title='bbox 1149 3639 1189 3703; x_wconf 90' lang='lat' dir='ltr'>de</span> <span class='ocrx_word' id='word_1_251' title='bbox 1207 3637 1259 3702; x_wconf 92' lang='lat' dir='ltr'>hic</span> 
     </span>
     <span class='ocr_line' id='line_1_32' title="bbox 128 3754 1259 3834; baseline -0.01 -14"><span class='ocrx_word' id='word_1_252' title='bbox 128 3762 243 3822; x_wconf 88' lang='lat' dir='ltr'>nostra</span> <span class='ocrx_word' id='word_1_253' title='bbox 259 3757 471 3822; x_wconf 86' lang='lat' dir='ltr'>neutralitate</span> <span class='ocrx_word' id='word_1_254' title='bbox 496 3763 529 3822; x_wconf 83' lang='lat' dir='ltr'>et</span> <span class='ocrx_word' id='word_1_255' title='bbox 547 3755 634 3822; x_wconf 90' lang='lat' dir='ltr'>bona</span> <span class='ocrx_word' id='word_1_256' title='bbox 650 3754 818 3820; x_wconf 87' lang='lat' dir='ltr'>voluntate</span> <span class='ocrx_word' id='word_1_257' title='bbox 836 3773 961 3834; x_wconf 90' lang='lat' dir='ltr'>semper</span> <span class='ocrx_word' id='word_1_258' title='bbox 976 3769 1159 3815; x_wconf 90' lang='lat' dir='ltr'>remansere</span> <span class='ocrx_word' id='word_1_259' title='bbox 1187 3767 1259 3811; x_wconf 87' lang='lat' dir='ltr'>con-</span> 
     </span>
     <span class='ocr_line' id='line_1_33' title="bbox 68 3856 1257 3949; baseline -0.012 -19"><span class='ocrx_word' id='word_1_260' title='bbox 68 3889 72 3900; x_wconf 86' lang='lat'>·</span> <span class='ocrx_word' id='word_1_261' title='bbox 128 3867 221 3946; x_wconf 88' lang='lat' dir='ltr'>tenti,</span> <span class='ocrx_word' id='word_1_262' title='bbox 241 3867 353 3947; x_wconf 91' lang='lat' dir='ltr'>sicque</span> <span class='ocrx_word' id='word_1_263' title='bbox 370 3887 514 3949; x_wconf 89' lang='lat' dir='ltr'>unquam</span> <span class='ocrx_word' id='word_1_264' title='bbox 529 3885 673 3947; x_wconf 90' lang='lat' dir='ltr'>unquam</span> <span class='ocrx_word' id='word_1_265' title='bbox 691 3867 820 3944; x_wconf 88' lang='lat' dir='ltr'>tempus</span> <span class='ocrx_word' id='word_1_266' title='bbox 839 3859 909 3941; x_wconf 88' lang='lat' dir='ltr'>fuit,</span> <span class='ocrx_word' id='word_1_267' title='bbox 920 3880 984 3940; x_wconf 93' lang='lat' dir='ltr'>quo</span> <span class='ocrx_word' id='word_1_268' title='bbox 1000 3859 1034 3921; x_wconf 91' lang='lat' dir='ltr'>in</span> <span class='ocrx_word' id='word_1_269' title='bbox 1050 3856 1111 3920; x_wconf 89' lang='lat' dir='ltr'>hac</span> <span class='ocrx_word' id='word_1_270' title='bbox 1126 3859 1257 3919; x_wconf 88' lang='lat' dir='ltr'>neutra·</span> 
     </span>
     <span class='ocr_line' id='line_1_34' title="bbox 141 3963 1259 4057; baseline -0.009 -21"><span class='ocrx_word' id='word_1_271' title='bbox 141 3974 225 4037; x_wconf 87' lang='lat' dir='ltr'>itate</span> <span class='ocrx_word' id='word_1_272' title='bbox 250 3974 425 4057; x_wconf 89' lang='lat' dir='ltr'>persistere</span> <span class='ocrx_word' id='word_1_273' title='bbox 456 3973 641 4053; x_wconf 89' lang='lat' dir='ltr'>habeamus,</span> <span class='ocrx_word' id='word_1_274' title='bbox 666 3971 889 4035; x_wconf 85' lang='lat' dir='ltr'>existimamus</span> <span class='ocrx_word' id='word_1_275' title='bbox 915 3967 949 4032; x_wconf 91' lang='lat' dir='ltr'>id</span> <span class='ocrx_word' id='word_1_276' title='bbox 973 3963 1259 4046; x_wconf 88' lang='lat' dir='ltr'>impresentiarum</span> 
     </span>
     <span class='ocr_line' id='line_1_35' title="bbox 128 4068 1258 4164; baseline -0.012 -19"><span class='ocrx_word' id='word_1_277' title='bbox 128 4102 208 4162; x_wconf 88' lang='lat' dir='ltr'>esse,</span> <span class='ocrx_word' id='word_1_278' title='bbox 233 4083 393 4164; x_wconf 91' lang='lat' dir='ltr'>quomodo</span> <span class='ocrx_word' id='word_1_279' title='bbox 409 4082 484 4146; x_wconf 85' lang='lat' dir='ltr'>licet</span> <span class='ocrx_word' id='word_1_280' title='bbox 500 4102 559 4164; x_wconf 87' lang='lat' dir='ltr'>per</span> <span class='ocrx_word' id='word_1_281' title='bbox 575 4082 719 4164; x_wconf 88' lang='lat' dir='ltr'>elapsum</span> <span class='ocrx_word' id='word_1_282' title='bbox 743 4077 941 4143; x_wconf 87' lang='lat' dir='ltr'>tenuerimus</span> <span class='ocrx_word' id='word_1_283' title='bbox 966 4075 999 4136; x_wconf 92' lang='lat' dir='ltr'>in</span> <span class='ocrx_word' id='word_1_284' title='bbox 1024 4091 1112 4137; x_wconf 90' lang='lat' dir='ltr'>mare</span> <span class='ocrx_word' id='word_1_285' title='bbox 1137 4068 1258 4133; x_wconf 92' lang='lat' dir='ltr'>bonum</span> 
     </span>
     <span class='ocr_line' id='line_1_36' title="bbox 128 4174 1259 4272; baseline -0.013 -21"><span class='ocrx_word' id='word_1_286' title='bbox 128 4209 299 4254; x_wconf 89' lang='lat' dir='ltr'>numerum</span> <span class='ocrx_word' id='word_1_287' title='bbox 316 4189 483 4272; x_wconf 86' lang='lat' dir='ltr'>galearum</span> <span class='ocrx_word' id='word_1_288' title='bbox 499 4210 558 4271; x_wconf 92' lang='lat' dir='ltr'>pro</span> <span class='ocrx_word' id='word_1_289' title='bbox 576 4186 735 4254; x_wconf 88' lang='lat' dir='ltr'>obviando</span> <span class='ocrx_word' id='word_1_290' title='bbox 760 4184 802 4248; x_wconf 87' lang='lat' dir='ltr'>ab</span> <span class='ocrx_word' id='word_1_291' title='bbox 822 4185 886 4248; x_wconf 91' lang='lat' dir='ltr'>ista</span> <span class='ocrx_word' id='word_1_292' title='bbox 911 4185 1005 4264; x_wconf 91' lang='lat' dir='ltr'>parte</span> <span class='ocrx_word' id='word_1_293' title='bbox 1021 4179 1120 4244; x_wconf 88' lang='lat' dir='ltr'>maris</span> <span class='ocrx_word' id='word_1_294' title='bbox 1137 4174 1259 4242; x_wconf 88' lang='lat' dir='ltr'>machi-</span> 
     </span>
     <span class='ocr_line' id='line_1_37' title="bbox 129 4286 1259 4380; baseline -0.011 -21"><span class='ocrx_word' id='word_1_295' title='bbox 129 4296 318 4362; x_wconf 89' lang='lat' dir='ltr'>nationibus</span> <span class='ocrx_word' id='word_1_296' title='bbox 334 4298 480 4362; x_wconf 89' lang='lat' dir='ltr'>comunis</span> <span class='ocrx_word' id='word_1_297' title='bbox 496 4297 609 4380; x_wconf 90' lang='lat' dir='ltr'>hostis,</span> <span class='ocrx_word' id='word_1_298' title='bbox 624 4301 661 4360; x_wconf 90' lang='lat' dir='ltr'>ut</span> <span class='ocrx_word' id='word_1_299' title='bbox 677 4298 850 4378; x_wconf 86' lang='lat' dir='ltr'>penetrare</span> <span class='ocrx_word' id='word_1_300' title='bbox 866 4312 930 4355; x_wconf 90' lang='lat' dir='ltr'>non</span> <span class='ocrx_word' id='word_1_301' title='bbox 946 4288 1069 4354; x_wconf 85' lang='lat' dir='ltr'>habeat</span> <span class='ocrx_word' id='word_1_302' title='bbox 1085 4287 1118 4350; x_wconf 90' lang='lat' dir='ltr'>in</span> <span class='ocrx_word' id='word_1_303' title='bbox 1136 4286 1259 4350; x_wconf 86' lang='lat' dir='ltr'>viscera</span> 
     </span>
     <span class='ocr_line' id='line_1_38' title="bbox 131 4391 1259 4486; baseline -0.011 -20"><span class='ocrx_word' id='word_1_304' title='bbox 131 4404 393 4486; x_wconf 85' lang='lat' dir='ltr'>christianorum,</span> <span class='ocrx_word' id='word_1_305' title='bbox 410 4405 557 4486; x_wconf 89' lang='lat' dir='ltr'>quotidie</span> <span class='ocrx_word' id='word_1_306' title='bbox 573 4409 682 4468; x_wconf 88' lang='lat' dir='ltr'>tamen</span> <span class='ocrx_word' id='word_1_307' title='bbox 708 4401 887 4466; x_wconf 85' lang='lat' dir='ltr'>sentientes</span> <span class='ocrx_word' id='word_1_308' title='bbox 910 4395 1056 4481; x_wconf 88' lang='lat' dir='ltr'>pericula</span> <span class='ocrx_word' id='word_1_309' title='bbox 1072 4395 1167 4477; x_wconf 86' lang='lat' dir='ltr'>hujus</span> <span class='ocrx_word' id='word_1_310' title='bbox 1187 4391 1259 4455; x_wconf 94' lang='lat' dir='ltr'>hos·</span> 
     </span>
     <span class='ocr_line' id='line_1_39' title="bbox 131 4505 1260 4590; baseline -0.01 -16"><span class='ocrx_word' id='word_1_311' title='bbox 131 4511 177 4574; x_wconf 91' lang='lat' dir='ltr'>tis</span> <span class='ocrx_word' id='word_1_312' title='bbox 202 4531 383 4578; x_wconf 87' lang='lat' dir='ltr'>excrescere</span> <span class='ocrx_word' id='word_1_313' title='bbox 409 4518 523 4577; x_wconf 90' lang='lat' dir='ltr'>contra</span> <span class='ocrx_word' id='word_1_314' title='bbox 540 4508 664 4575; x_wconf 80' lang='lat' dir='ltr'>Christi</span> <span class='ocrx_word' id='word_1_315' title='bbox 692 4509 814 4590; x_wconf 90' lang='lat' dir='ltr'>fideles,</span> <span class='ocrx_word' id='word_1_316' title='bbox 839 4528 898 4571; x_wconf 87' lang='lat' dir='ltr'>nos</span> <span class='ocrx_word' id='word_1_317' title='bbox 915 4515 1045 4589; x_wconf 88' lang='lat' dir='ltr'>quoque</span> <span class='ocrx_word' id='word_1_318' title='bbox 1061 4524 1120 4587; x_wconf 94' lang='lat' dir='ltr'>pro</span> <span class='ocrx_word' id='word_1_319' title='bbox 1136 4505 1260 4586; x_wconf 90' lang='lat' dir='ltr'>quanto</span> 
     </span>
    </p>
   </div>
   <div class='ocr_carea' id='block_1_3' title="bbox 0 0 1638 5308">
    <p class='ocr_par' dir='ltr' id='par_1_3' title="bbox 0 0 1638 5308">
     <span class='ocr_line' id='line_1_40' title="bbox 0 0 1638 5308; baseline 0 0"><span class='ocrx_word' id='word_1_320' title='bbox 0 0 1638 5308; x_wconf 95' lang='lat' dir='ltr'> </span> 
     </span>
    </p>
   </div>
  </div>
 </body>
</html>
