3268 5308
685 734 737 793 84.

148 893 244 954 1462.
272 888 303 953 Α
319 890 471 956 celersczei
487 890 704 956 dllomtuno'ca
718 916 739 955 a
755 893 844 957 tdro'lc
861 893 956 958 ellarii
971 894 1125 977 schlye'rt
1148 895 1275 976 sitrpcti

181 1022 202 1062 a
219 999 339 1082 Papa,
356 998 511 1063 ismc'tclve
519 996 673 1082 folliaco
689 1005 721 1062 dt
737 1022 775 1062 aa
791 999 880 1062 olo-iz
895 999 1150 1085 fajedelmckuek
1160 999 1230 1083 fdi-

537 1097 544 1116 ⁸
594 1103 818 1190 perdentdsdre.

143 1303 182 1368 M
183 1299 418 1368 OOOOLXII.
435 1302 485 1366 die
502 1305 613 1384 quinto
631 1304 722 1387 Maij.

252 1410 385 1476 Summo
401 1408 554 1476 Pontifici
570 1411 631 1475 Pio
648 1409 799 1476 secundo.

143 1517 317 1600 sapientes
334 1515 470 1601 OOssSlllj
489 1522 523 1582 ei
668 1535 708 1612 In
723 1535 967 1616 responsionem
987 1534 1133 1600 brevium
1144 1535 1270 1602 Sancti-

230 1649 245 1684 >
340 1625 405 1723 tt
425 1718 434 1722 ..
487 1719 491 1722 ¹
577 1644 656 1708 tatis
665 1641 786 1709 Vestre
803 1643 929 1708 dierum
939 1641 999 1708 VI.
1012 1649 1044 1708 et
1055 1641 1132 1709 VII.
1145 1642 1273 1727 Aprilis

142 1773 249 1835 nuper
276 1752 385 1835 elapsi,
416 1750 564 1816 dedimus
591 1750 633 1816 ad
658 1752 794 1817 eandem
820 1752 949 1816 litteras
975 1755 1105 1816 nostras
1132 1750 1191 1816 sub
1223 1750 1275 1815 die

146 1857 273 1924 XXII.
290 1861 408 1924 mensis
425 1855 577 1942 ejusdem,
598 1859 716 1940 quibus
732 1858 775 1922 ad
791 1857 1027 1924 declarationes
1049 1860 1170 1940 petitas
1189 1859 1272 1924 Bea-
1366 1915 1368 1926 ,

142 1966 270 2031 tudinis
288 1964 409 2032 Vestro
424 1971 566 2030 mentem
588 1969 732 2030 nostram
749 1965 979 2047 nuntiavimus,
1003 1967 1172 2032 novissime
1197 1987 1275 2032 vero

143 2071 186 2138 ab
203 2071 391 2138 Secretario
408 2079 520 2137 nostro
538 2075 570 2136 in
586 2070 758 2156 Hungaria
776 2075 932 2138 existente
948 2075 1129 2156 accepimus
1145 2074 1273 2137 litteras

143 2180 242 2245 datas
268 2185 387 2263 quarto
404 2177 540 2262 Aprilis„
569 2201 706 2262 quarum
723 2179 913 2262 exemplum,
938 2187 974 2244 ut
990 2202 1126 2262 agamus
1143 2181 1182 2244 de
1200 2201 1274 2244 con-

142 2295 234 2352 sveto
250 2307 340 2352 more
357 2293 469 2352 nostro
490 2287 667 2352 Sanctitati
682 2287 805 2366 Vestra,
821 2287 872 2351 his
893 2288 1085 2368 implicitum
1106 2287 1274 2366 mittimus,

142 2402 180 2460 ut
205 2395 309 2477 sciat‚'
322 2395 439 2478 quibus
464 2396 497 2458 in
523 2395 671 2459 terminis
701 2417 753 2459 res
770 2395 942 2476 Hungarie
959 2395 1132 2460 constitute
1149 2394 1223 2472 sint,
1241 2399 1273 2458 et

142 2523 205 2584 que
230 2501 375 2584 pericula
400 2520 501 2584 regno
518 2501 575 2582 illi,
601 2501 659 2565 sed
675 2503 780 2565 verius
798 2501 1031 2565 christianitati
1048 2500 1213 2564 imminere
1229 2500 1275 2565 vi-

142 2608 291 2674 deantur.
303 2609 459 2674 Novimus
470 2629 597 2691 semper
608 2609 881 2691 sapientissimam
892 2605 1273 2687 SanctitatemVestram,

141 2737 201 2780 nec
226 2715 378 2798 expedire
405 2716 543 2780 multum
569 2722 720 2798 putamus
746 2717 794 2779 rei
809 2716 903 2780 istius
920 2715 1186 2799 magnitudinem,
1213 2736 1275 2798 que

141 2822 300 2888 honorem
315 2822 388 2904 Dei,
414 2823 616 2906 salutemque
641 2823 811 2888 christiani
838 2823 976 2888 nominis
1003 2828 1173 2903 tantopere
1198 2842 1273 2886 con·

143 2931 255 3010 ceruit,
283 2930 378 2994 aliter
404 2929 614 3014 pateface1·e‚'
640 2931 903 3021 quandoquidem
928 2930 1033 2995 hostis
1059 2929 1216 2993 acerimus
1241 2928 1275 2992 in

143 3036 399 3103 christianorum
425 3039 559 3104 exitium
583 3039 817 3103 infantissimus
842 3057 978 3119 regnum
1004 3036 1175 3118 Hungarie
1202 3036 1274 3101 sub·

141 3152 267 3212 vertere
293 3145 455 3226 moliatur,
487 3145 528 3210 de
554 3146 630 3210 hinc
656 3145 751 3210 facile
768 3145 830 3209 sibi
847 3145 1016 3228 spondens²
1043 3149 1151 3208 cetera
1167 3145 1277 3210 omnia

141 3256 278 3336 imperio
294 3275 353 3319 suo
369 3253 527 3337 subigere,
546 3261 578 3318 et
593 3276 652 3337 pro
669 3253 851 3318 insatiabili
861 3251 995 3318 libidine
1007 3273 1074 3332 sua,
1092 3249 1276 3316 christiani·

141 3364 218 3428 tatis
235 3383 352 3428 nomen
369 3362 496 3427 calcare
513 3383 615 3444 posse,
639 3363 788 3444 proxima
805 3368 880 3425 sunt
896 3361 1091 3426 Beatissimo
1107 3357 1219 3438 Pater,
1245 3365 1277 3423 et

143 3475 179 3534 ut
204 3471 252 3535 ita
278 3471 465 3552 dixerimus,
495 3470 564 3553 jam
588 3470 621 3532 in
646 3468 771 3532 foribus
797 3469 861 3533 ista
896 3468 1041 3550 pericula
1074 3466 1277 3532 celerrimam

142 3579 358 3660 provisionem
385 3579 567 3658 exquirunt,
593 3597 651 3641 nec
675 3582 770 3658 pacto
796 3576 863 3640 ullo
889 3565 1085 3659 persuadeat
1113 3575 1174 3640 sibi
1191 3576 1276 3659 quis-

143 3706 240 3768 quam
265 3705 402 3767 regnum
418 3683 589 3766 Hungarie
612 3684 711 3766 varijs
729 3683 971 3748 calamitatibus
989 3682 1156 3766 afflictum,
1182 3682 1275 3748 dilla-

145 3798 361 3875 ceratnmquc‚
387 3789 540 3856 adversus
565 3795 694 3854 tantum
711 3789 890 3854 Turcorum
916 3789 1057 3856 furorem
1073 3812 1167 3873 posse
1184 3792 1277 3854 resis-

143 3908 225 3964 tere:
242 3900 304 3962 nisi
320 3898 472 3982 remedijs
489 3902 670 3963 occuratur.
694 3895 774 3976 Nos,
791 3904 827 3960 ut
844 3917 919 3977 sepe
937 3896 1085 3979 diximus,
1102 3900 1277 3962 necessari-

144 4029 214 4072 ram
236 4006 422 4090 judicamus
447 4007 634 4070 missionem
661 4006 849 4068 citissimam
875 4005 969 4067 unius
985 4003 1104 4096 Legati
1130 4005 1164 4068 in
1181 4003 1277 4070 Hun-

146 4115 279 4195 gan'am,
304 4133 659 4197 commemoramusque
675 4113 813 4178 fideliter
829 4097 1148 4176 Reverendissimum
1164 4110 1277 4182 Domi-

146 4242 221 4284 num
238 4221 451 4287 cardinalem
476 4221 508 4287 S.
524 4219 656 4304 Angeli,
682 4221 724 4286 ob
750 4221 820 4303 ejus
845 4221 996 4284 eximiam
1012 4218 1218 4303 prudentiam
1230 4215 1232 4221 ’
1245 4226 1278 4284 et

147 4349 253 4392 rerum
280 4329 412 4394 illarum
438 4331 677 4410 experientiam.
712 4326 900 4412 Optulimus
925 4330 958 4392 in
975 4327 1153 4410 presidium
1168 4327 1277 4411 Regni

148 4434 288 4516 ejusdem
313 4435 354 4501 de
378 4459 503 4502 summa
529 4436 655 4503 ducatis
672 4435 749 4500 XII
764 4435 867 4500 millia
883 4457 941 4518 per
958 4441 1147 4516 potentatus
1165 4434 1276 4518 Italic,

150 4541 372 4609 solvendorum
388 4545 582 4611 mensuatim
598 4567 657 4628 pro
669 4545 816 4626 portione
826 4549 940 4607 nostra
951 4543 1086 4609 ducatos
1096 4541 1155 4608 ΠΙ
1165 4542 1277 4608 millia.
