<?xml version="1.0" encoding="UTF-8"?>
<!DOCTYPE html PUBLIC "-//W3C//DTD XHTML 1.0 Transitional//EN"
    "http://www.w3.org/TR/xhtml1/DTD/xhtml1-transitional.dtd">
<html xmlns="http://www.w3.org/1999/xhtml" xml:lang="en" lang="en">
 <head>
  <title>
</title>
<meta http-equiv="Content-Type" content="text/html;charset=utf-8" />
  <meta name='ocr-system' content='tesseract 3.04.00' />
  <meta name='ocr-capabilities' content='ocr_page ocr_carea ocr_par ocr_line ocrx_word'/>
</head>
<body>
  <div class='ocr_page' id='page_1' title='image "./magyardiplomacz01mattgoog_0303.png"; bbox 0 0 3256 5304; ppageno 0'>
   <div class='ocr_carea' id='block_1_1' title="bbox 639 348 1253 424">
    <p class='ocr_par' dir='ltr' id='par_1_1' title="bbox 639 348 1253 424">
     <span class='ocr_line' id='line_1_1' title="bbox 639 348 1253 424; baseline 0.007 -7"><span class='ocrx_word' id='word_1_1' title='bbox 639 348 733 418; x_wconf 85' lang='grc'><strong>1464.</strong></span> <span class='ocrx_word' id='word_1_2' title='bbox 1189 351 1253 424; x_wconf 78' lang='lat'>&#39;273</span> 
     </span>
    </p>
   </div>
   <div class='ocr_carea' id='block_1_2' title="bbox 1 507 1256 617">
    <p class='ocr_par' dir='ltr' id='par_1_2' title="bbox 1 507 1256 617">
     <span class='ocr_line' id='line_1_2' title="bbox 1 507 1256 617; baseline 0.009 -26"><span class='ocrx_word' id='word_1_3' title='bbox 1 521 2 548; x_wconf 57' lang='lat'>;</span> <span class='ocrx_word' id='word_1_4' title='bbox 125 527 234 609; x_wconf 90' lang='lat' dir='ltr'>nobis;</span> <span class='ocrx_word' id='word_1_5' title='bbox 260 529 423 613; x_wconf 88' lang='lat' dir='ltr'>quoniam,</span> <span class='ocrx_word' id='word_1_6' title='bbox 448 537 484 595; x_wconf 92' lang='lat' dir='ltr'>ut</span> <span class='ocrx_word' id='word_1_7' title='bbox 500 530 622 614; x_wconf 90' lang='lat' dir='ltr'>optime</span> <span class='ocrx_word' id='word_1_8' title='bbox 635 532 819 616; x_wconf 89' lang='lat' dir='ltr'>intelligere</span> <span class='ocrx_word' id='word_1_9' title='bbox 835 507 970 617; x_wconf 79' lang='lat' dir='ltr'>debetis,</span> <span class='ocrx_word' id='word_1_10' title='bbox 995 539 1116 616; x_wconf 90' lang='lat' dir='ltr'>quanto</span> <span class='ocrx_word' id='word_1_11' title='bbox 1133 535 1256 602; x_wconf 87' lang='lat' dir='ltr'>oblatio</span> 
     </span>
    </p>
   </div>
   <div class='ocr_carea' id='block_1_3' title="bbox 1 637 1256 731">
    <p class='ocr_par' dir='ltr' id='par_1_3' title="bbox 1 637 1256 731">
     <span class='ocr_line' id='line_1_3' title="bbox 1 637 1256 731; baseline 0.008 -32"><span class='ocrx_word' id='word_1_12' title='bbox 1 675 2 731; x_wconf 59' lang='lat'>3</span> <span class='ocrx_word' id='word_1_13' title='bbox 129 644 244 702; x_wconf 84' lang='lat' dir='ltr'>nostra</span> <span class='ocrx_word' id='word_1_14' title='bbox 261 637 396 703; x_wconf 83' lang='lat' dir='ltr'>liberior</span> <span class='ocrx_word' id='word_1_15' title='bbox 413 641 484 722; x_wconf 83' lang='lat' dir='ltr'>erit,</span> <span class='ocrx_word' id='word_1_16' title='bbox 510 645 604 704; x_wconf 86' lang='lat' dir='ltr'>tanto</span> <span class='ocrx_word' id='word_1_17' title='bbox 619 639 728 722; x_wconf 87' lang='lat' dir='ltr'>Regia</span> <span class='ocrx_word' id='word_1_18' title='bbox 743 641 904 724; x_wconf 88' lang='lat' dir='ltr'>Majestas</span> <span class='ocrx_word' id='word_1_19' title='bbox 919 643 1100 725; x_wconf 79' lang='lat' dir='ltr'><strong>promptior</strong></span> <span class='ocrx_word' id='word_1_20' title='bbox 1116 648 1148 708; x_wconf 91' lang='lat' dir='ltr'>et</span> <span class='ocrx_word' id='word_1_21' title='bbox 1163 665 1256 728; x_wconf 92' lang='lat' dir='ltr'>expe-</span> 
     </span>
    </p>
   </div>
   <div class='ocr_carea' id='block_1_4' title="bbox 122 745 1256 943">
    <p class='ocr_par' dir='ltr' id='par_1_4' title="bbox 122 745 1256 943">
     <span class='ocr_line' id='line_1_4' title="bbox 125 745 1256 831; baseline 0.008 -22"><span class='ocrx_word' id='word_1_22' title='bbox 125 745 224 810; x_wconf 80' lang='lat' dir='ltr'>ditior</span> <span class='ocrx_word' id='word_1_23' title='bbox 250 751 320 812; x_wconf 88' lang='lat' dir='ltr'>esse</span> <span class='ocrx_word' id='word_1_24' title='bbox 347 749 469 831; x_wconf 85' lang='lat' dir='ltr'>poterit</span> <span class='ocrx_word' id='word_1_25' title='bbox 493 747 536 812; x_wconf 87' lang='lat' dir='ltr'>ad</span> <span class='ocrx_word' id='word_1_26' title='bbox 560 747 806 812; x_wconf 87' lang='lat' dir='ltr'>accelerandum</span> <span class='ocrx_word' id='word_1_27' title='bbox 824 751 1009 831; x_wconf 89' lang='lat' dir='ltr'>exercitum,</span> <span class='ocrx_word' id='word_1_28' title='bbox 1035 759 1068 816; x_wconf 90' lang='lat' dir='ltr'>et</span> <span class='ocrx_word' id='word_1_29' title='bbox 1083 749 1256 818; x_wconf 87' lang='lat' dir='ltr'>validiores</span> 
     </span>
     <span class='ocr_line' id='line_1_5' title="bbox 122 856 1254 943; baseline 0.006 -25"><span class='ocrx_word' id='word_1_30' title='bbox 122 861 260 921; x_wconf 86' lang='lat' dir='ltr'>conatus</span> <span class='ocrx_word' id='word_1_31' title='bbox 286 877 361 921; x_wconf 91' lang='lat' dir='ltr'>suos</span> <span class='ocrx_word' id='word_1_32' title='bbox 386 862 500 921; x_wconf 90' lang='lat' dir='ltr'>contra</span> <span class='ocrx_word' id='word_1_33' title='bbox 523 856 657 920; x_wconf 88' lang='lat' dir='ltr'>hostem.</span> <span class='ocrx_word' id='word_1_34' title='bbox 690 856 758 921; x_wconf 89' lang='lat' dir='ltr'>Res</span> <span class='ocrx_word' id='word_1_35' title='bbox 784 857 866 922; x_wconf 89' lang='lat' dir='ltr'>bene</span> <span class='ocrx_word' id='word_1_36' title='bbox 882 858 1085 942; x_wconf 84' lang='lat' dir='ltr'>feliciterque</span> <span class='ocrx_word' id='word_1_37' title='bbox 1102 861 1254 943; x_wconf 88' lang='lat' dir='ltr'>gerende,</span> 
     </span>
    </p>
   </div>
   <div class='ocr_carea' id='block_1_5' title="bbox 1 959 1252 1049">
    <p class='ocr_par' dir='ltr' id='par_1_5' title="bbox 1 959 1252 1049">
     <span class='ocr_line' id='line_1_6' title="bbox 1 959 1252 1049; baseline 0.006 -25"><span class='ocrx_word' id='word_1_38' title='bbox 1 983 2 1024; x_wconf 81' lang='lat'><em>3</em></span> <span class='ocrx_word' id='word_1_39' title='bbox 122 968 159 1026; x_wconf 91' lang='lat' dir='ltr'>ut</span> <span class='ocrx_word' id='word_1_40' title='bbox 186 963 269 1028; x_wconf 83' lang='lat' dir='ltr'>scire</span> <span class='ocrx_word' id='word_1_41' title='bbox 294 965 442 1046; x_wconf 68' lang='lat' dir='ltr'>potestis</span> <span class='ocrx_word' id='word_1_42' title='bbox 467 963 672 1047; x_wconf 93' lang='lat' dir='ltr'>potissimum</span> <span class='ocrx_word' id='word_1_43' title='bbox 698 963 731 1026; x_wconf 89' lang='lat' dir='ltr'>in</span> <span class='ocrx_word' id='word_1_44' title='bbox 756 965 921 1030; x_wconf 85' lang='lat' dir='ltr'>celeritate</span> <span class='ocrx_word' id='word_1_45' title='bbox 938 969 1112 1031; x_wconf 79' lang='lat' dir='ltr'>consistere</span> <span class='ocrx_word' id='word_1_46' title='bbox 1130 959 1252 1049; x_wconf 89' lang='lat' dir='ltr'>solent;</span> 
     </span>
    </p>
   </div>
   <div class='ocr_carea' id='block_1_6' title="bbox 127 1071 1255 1264">
    <p class='ocr_par' dir='ltr' id='par_1_6' title="bbox 127 1071 1255 1264">
     <span class='ocr_line' id='line_1_7' title="bbox 127 1071 1116 1156; baseline 0.004 -21"><span class='ocrx_word' id='word_1_47' title='bbox 127 1077 239 1136; x_wconf 89' lang='lat' dir='ltr'>curate</span> <span class='ocrx_word' id='word_1_48' title='bbox 255 1073 367 1155; x_wconf 85' lang='lat' dir='ltr'>itaque</span> <span class='ocrx_word' id='word_1_49' title='bbox 384 1095 482 1155; x_wconf 86' lang='lat' dir='ltr'>quam</span> <span class='ocrx_word' id='word_1_50' title='bbox 499 1071 674 1153; x_wconf 90' lang='lat' dir='ltr'>diligenter</span> <span class='ocrx_word' id='word_1_51' title='bbox 690 1074 806 1156; x_wconf 83' lang='lat' dir='ltr'>exequi</span> <span class='ocrx_word' id='word_1_52' title='bbox 822 1077 978 1140; x_wconf 86' lang='lat' dir='ltr'>mandata</span> <span class='ocrx_word' id='word_1_53' title='bbox 994 1082 1116 1141; x_wconf 79' lang='lat' dir='ltr'>nostra.</span> 
     </span>
     <span class='ocr_line' id='line_1_8' title="bbox 231 1177 1255 1264; baseline 0.003 -20"><span class='ocrx_word' id='word_1_54' title='bbox 231 1177 267 1244; x_wconf 80' lang='lat' dir='ltr'>Si</span> <span class='ocrx_word' id='word_1_55' title='bbox 286 1177 521 1245; x_wconf 81' lang='lat' dir='ltr'>Serenissimus</span> <span class='ocrx_word' id='word_1_56' title='bbox 539 1180 611 1245; x_wconf 86' lang='lat' dir='ltr'>Rex</span> <span class='ocrx_word' id='word_1_57' title='bbox 626 1182 734 1244; x_wconf 87' lang='lat' dir='ltr'>mittet</span> <span class='ocrx_word' id='word_1_58' title='bbox 751 1182 923 1248; x_wconf 80' lang='lat' dir='ltr'>Oratorem</span> <span class='ocrx_word' id='word_1_59' title='bbox 940 1204 1032 1246; x_wconf 92' lang='lat' dir='ltr'>suum</span> <span class='ocrx_word' id='word_1_60' title='bbox 1048 1182 1088 1247; x_wconf 86' lang='lat' dir='ltr'>ad</span> <span class='ocrx_word' id='word_1_61' title='bbox 1105 1183 1165 1247; x_wconf 88' lang='lat' dir='ltr'>bas</span> <span class='ocrx_word' id='word_1_62' title='bbox 1181 1203 1255 1264; x_wconf 88' lang='lat' dir='ltr'>par-</span> 
     </span>
    </p>
   </div>
   <div class='ocr_carea' id='block_1_7' title="bbox 1 1286 1254 1460">
    <p class='ocr_par' dir='ltr' id='par_1_7' title="bbox 1 1286 1254 1460">
     <span class='ocr_line' id='line_1_9' title="bbox 1 1286 1254 1370; baseline 0.002 -20"><span class='ocrx_word' id='word_1_63' title='bbox 1 1323 2 1326; x_wconf 34' lang='lat'><em>*</em></span> <span class='ocrx_word' id='word_1_64' title='bbox 122 1286 182 1364; x_wconf 86' lang='lat' dir='ltr'>tes,</span> <span class='ocrx_word' id='word_1_65' title='bbox 200 1287 471 1368; x_wconf 83' lang='lat' dir='ltr'>quemadmodum</span> <span class='ocrx_word' id='word_1_66' title='bbox 488 1309 559 1352; x_wconf 87' lang='lat' dir='ltr'>eam</span> <span class='ocrx_word' id='word_1_67' title='bbox 577 1287 735 1352; x_wconf 87' lang='lat' dir='ltr'>facturam</span> <span class='ocrx_word' id='word_1_68' title='bbox 748 1309 815 1354; x_wconf 91' lang='lat' dir='ltr'>esse</span> <span class='ocrx_word' id='word_1_69' title='bbox 826 1289 975 1370; x_wconf 88' lang='lat' dir='ltr'>scribitis,</span> <span class='ocrx_word' id='word_1_70' title='bbox 991 1288 1171 1354; x_wconf 88' lang='lat' dir='ltr'>videbimus</span> <span class='ocrx_word' id='word_1_71' title='bbox 1181 1310 1254 1353; x_wconf 91' lang='lat' dir='ltr'>eum</span> 
     </span>
     <span class='ocr_line' id='line_1_10' title="bbox 1 1377 526 1460; baseline 0.004 -3"><span class='ocrx_word' id='word_1_72' title='bbox 1 1377 2 1420; x_wconf 29' lang='grc' dir='ltr'>ἦ</span> <span class='ocrx_word' id='word_1_73' title='bbox 120 1393 187 1458; x_wconf 91' lang='lat' dir='ltr'>leto</span> <span class='ocrx_word' id='word_1_74' title='bbox 204 1395 314 1459; x_wconf 89' lang='lat' dir='ltr'>animo</span> <span class='ocrx_word' id='word_1_75' title='bbox 331 1399 364 1458; x_wconf 90' lang='lat' dir='ltr'>et</span> <span class='ocrx_word' id='word_1_76' title='bbox 379 1394 526 1460; x_wconf 86' lang='lat' dir='ltr'>libenter.</span> 
     </span>
    </p>
   </div>
   <div class='ocr_carea' id='block_1_8' title="bbox 229 1501 1254 1586">
    <p class='ocr_par' dir='ltr' id='par_1_8' title="bbox 229 1501 1254 1586">
     <span class='ocr_line' id='line_1_11' title="bbox 229 1501 1254 1586; baseline 0.005 -22"><span class='ocrx_word' id='word_1_77' title='bbox 229 1501 394 1584; x_wconf 88' lang='lat' dir='ltr'>Preterea,</span> <span class='ocrx_word' id='word_1_78' title='bbox 419 1503 496 1584; x_wconf 89' lang='lat' dir='ltr'>quia</span> <span class='ocrx_word' id='word_1_79' title='bbox 522 1502 665 1567; x_wconf 88' lang='lat' dir='ltr'>scribitis</span> <span class='ocrx_word' id='word_1_80' title='bbox 682 1501 893 1586; x_wconf 86' lang='lat' dir='ltr'>Majestatem</span> <span class='ocrx_word' id='word_1_81' title='bbox 912 1502 1011 1568; x_wconf 84' lang='lat' dir='ltr'>Suam</span> <span class='ocrx_word' id='word_1_82' title='bbox 1028 1503 1147 1567; x_wconf 84' lang='lat' dir='ltr'>dixisse</span> <span class='ocrx_word' id='word_1_83' title='bbox 1163 1504 1254 1568; x_wconf 91' lang='lat' dir='ltr'>vobis</span> 
     </span>
    </p>
   </div>
   <div class='ocr_carea' id='block_1_9' title="bbox 1 1607 1252 2017">
    <p class='ocr_par' dir='ltr' id='par_1_9' title="bbox 1 1607 1252 2017">
     <span class='ocr_line' id='line_1_12' title="bbox 1 1607 1251 1692; baseline 0.004 -21"><span class='ocrx_word' id='word_1_84' title='bbox 1 1611 2 1690; x_wconf 53' lang='lat' dir='ltr'>J</span> <span class='ocrx_word' id='word_1_85' title='bbox 121 1607 160 1672; x_wconf 93' lang='lat' dir='ltr'>de</span> <span class='ocrx_word' id='word_1_86' title='bbox 176 1610 370 1673; x_wconf 82' lang='lat' dir='ltr'>necessitate</span> <span class='ocrx_word' id='word_1_87' title='bbox 385 1609 526 1692; x_wconf 89' lang='lat' dir='ltr'>pulveris</span> <span class='ocrx_word' id='word_1_88' title='bbox 544 1633 564 1675; x_wconf 83' lang='lat' dir='ltr'>a</span> <span class='ocrx_word' id='word_1_89' title='bbox 579 1609 766 1691; x_wconf 80' lang='lat' dir='ltr'>bombarda,</span> <span class='ocrx_word' id='word_1_90' title='bbox 784 1611 824 1675; x_wconf 91' lang='lat' dir='ltr'>de</span> <span class='ocrx_word' id='word_1_91' title='bbox 842 1631 906 1691; x_wconf 92' lang='lat' dir='ltr'>quo</span> <span class='ocrx_word' id='word_1_92' title='bbox 918 1611 1076 1676; x_wconf 87' lang='lat' dir='ltr'>Rectores</span> <span class='ocrx_word' id='word_1_93' title='bbox 1087 1610 1135 1675; x_wconf 92' lang='lat' dir='ltr'>illi</span> <span class='ocrx_word' id='word_1_94' title='bbox 1145 1614 1251 1676; x_wconf 91' lang='lat' dir='ltr'>nostri</span> 
     </span>
     <span class='ocr_line' id='line_1_13' title="bbox 1 1714 1252 1803; baseline 0.004 -25"><span class='ocrx_word' id='word_1_95' title='bbox 1 1756 2 1803; x_wconf 63' lang='lat'><em>}</em></span> <span class='ocrx_word' id='word_1_96' title='bbox 120 1714 260 1780; x_wconf 90' lang='lat' dir='ltr'>libenter</span> <span class='ocrx_word' id='word_1_97' title='bbox 285 1723 318 1781; x_wconf 92' lang='lat' dir='ltr'>et</span> <span class='ocrx_word' id='word_1_98' title='bbox 334 1717 437 1799; x_wconf 86' lang='lat' dir='ltr'>gratis</span> <span class='ocrx_word' id='word_1_99' title='bbox 455 1717 581 1782; x_wconf 88' lang='lat' dir='ltr'>dabunt</span> <span class='ocrx_word' id='word_1_100' title='bbox 597 1719 729 1801; x_wconf 74' lang='lat' dir='ltr'>nuntiis,</span> <span class='ocrx_word' id='word_1_101' title='bbox 755 1719 810 1800; x_wconf 92' lang='lat' dir='ltr'>qui</span> <span class='ocrx_word' id='word_1_102' title='bbox 827 1719 956 1782; x_wconf 88' lang='lat' dir='ltr'>nomine</span> <span class='ocrx_word' id='word_1_103' title='bbox 974 1717 1039 1783; x_wconf 85' lang='lat' dir='ltr'>Sue</span> <span class='ocrx_word' id='word_1_104' title='bbox 1057 1717 1252 1784; x_wconf 71' lang='lat' dir='ltr'>serenitatis</span> 
     </span>
     <span class='ocr_line' id='line_1_14' title="bbox 1 1817 1252 1908; baseline 0.003 -22"><span class='ocrx_word' id='word_1_105' title='bbox 1 1817 2 1876; x_wconf 69' lang='grc' dir='ltr'>ζ</span> <span class='ocrx_word' id='word_1_106' title='bbox 120 1823 204 1888; x_wconf 84' lang='lat' dir='ltr'>istuc</span> <span class='ocrx_word' id='word_1_107' title='bbox 229 1824 271 1889; x_wconf 86' lang='lat' dir='ltr'>ad</span> <span class='ocrx_word' id='word_1_108' title='bbox 297 1846 351 1890; x_wconf 89' lang='lat' dir='ltr'>eos</span> <span class='ocrx_word' id='word_1_109' title='bbox 377 1847 410 1889; x_wconf 88' lang='lat' dir='ltr'>se</span> <span class='ocrx_word' id='word_1_110' title='bbox 436 1823 614 1907; x_wconf 87' lang='lat' dir='ltr'>conferent,</span> <span class='ocrx_word' id='word_1_111' title='bbox 640 1831 672 1890; x_wconf 91' lang='lat' dir='ltr'>et</span> <span class='ocrx_word' id='word_1_112' title='bbox 697 1826 744 1889; x_wconf 86' lang='lat' dir='ltr'>ita</span> <span class='ocrx_word' id='word_1_113' title='bbox 760 1827 904 1889; x_wconf 88' lang='lat' dir='ltr'>contenti</span> <span class='ocrx_word' id='word_1_114' title='bbox 922 1847 1030 1889; x_wconf 92' lang='lat' dir='ltr'>sumus</span> <span class='ocrx_word' id='word_1_115' title='bbox 1048 1830 1079 1889; x_wconf 91' lang='lat' dir='ltr'>et</span> <span class='ocrx_word' id='word_1_116' title='bbox 1095 1825 1252 1908; x_wconf 68' lang='lat' dir='ltr'>volumus</span> 
     </span>
     <span class='ocr_line' id='line_1_15' title="bbox 1 1931 1252 2017; baseline 0.001 -21"><span class='ocrx_word' id='word_1_117' title='bbox 1 1957 2 1996; x_wconf 62' lang='lat' dir='ltr'>r</span> <span class='ocrx_word' id='word_1_118' title='bbox 123 1933 210 2013; x_wconf 89' lang='lat' dir='ltr'>quod</span> <span class='ocrx_word' id='word_1_119' title='bbox 236 1933 408 2017; x_wconf 84' lang='lat' dir='ltr'>Majesteti</span> <span class='ocrx_word' id='word_1_120' title='bbox 434 1931 498 1997; x_wconf 86' lang='lat' dir='ltr'>Sue</span> <span class='ocrx_word' id='word_1_121' title='bbox 525 1934 652 2013; x_wconf 82' lang='lat' dir='ltr'>dicatis,</span> <span class='ocrx_word' id='word_1_122' title='bbox 678 1933 864 1998; x_wconf 87' lang='lat' dir='ltr'>advisantes</span> <span class='ocrx_word' id='word_1_123' title='bbox 889 1955 953 2014; x_wconf 86' lang='lat' dir='ltr'>vos,</span> <span class='ocrx_word' id='word_1_124' title='bbox 986 1933 1071 2017; x_wconf 90' lang='lat' dir='ltr'>quod</span> <span class='ocrx_word' id='word_1_125' title='bbox 1094 1934 1252 2016; x_wconf 87' lang='lat' dir='ltr'>jussimus</span> 
     </span>
    </p>
   </div>
   <div class='ocr_carea' id='block_1_10' title="bbox 121 2038 1356 2125">
    <p class='ocr_par' dir='ltr' id='par_1_10' title="bbox 1 2013 1356 2125">
     <span class='ocr_line' id='line_1_16' title="bbox 121 2038 1356 2125; baseline -0.003 -19.354"><span class='ocrx_word' id='word_1_126' title='bbox 121 2041 320 2105; x_wconf 88' lang='lat' dir='ltr'>Rectoribus</span> <span class='ocrx_word' id='word_1_127' title='bbox 336 2041 414 2124; x_wconf 89' lang='lat' dir='ltr'>ipsis</span> <span class='ocrx_word' id='word_1_128' title='bbox 430 2043 560 2122; x_wconf 86' lang='lat' dir='ltr'>nostris,</span> <span class='ocrx_word' id='word_1_129' title='bbox 579 2041 665 2124; x_wconf 89' lang='lat' dir='ltr'>quod</span> <span class='ocrx_word' id='word_1_130' title='bbox 682 2063 782 2125; x_wconf 92' lang='lat' dir='ltr'>usque</span> <span class='ocrx_word' id='word_1_131' title='bbox 799 2040 843 2105; x_wconf 85' lang='lat' dir='ltr'>ad</span> <span class='ocrx_word' id='word_1_132' title='bbox 858 2039 976 2106; x_wconf 86' lang='lat' dir='ltr'>barilia</span> <span class='ocrx_word' id='word_1_133' title='bbox 992 2039 1051 2106; x_wconf 78' lang='lat' dir='ltr'>On</span> <span class='ocrx_word' id='word_1_134' title='bbox 1068 2043 1170 2106; x_wconf 89' lang='lat' dir='ltr'>libere</span> <span class='ocrx_word' id='word_1_135' title='bbox 1181 2041 1253 2106; x_wconf 89' lang='lat' dir='ltr'>dari</span> <span class='ocrx_word' id='word_1_136' title='bbox 1354 2038 1356 2042; x_wconf 78' lang='grc'><strong>’</strong></span> 
     </span>
    </p>
   </div>
   <div class='ocr_carea' id='block_1_11' title="bbox 1 2133 683 2232">
    <p class='ocr_par' dir='ltr' id='par_1_11' title="bbox 1 2133 683 2232">
     <span class='ocr_line' id='line_1_17' title="bbox 1 2133 683 2232; baseline -0.003 -18"><span class='ocrx_word' id='word_1_137' title='bbox 1 2133 2 2223; x_wconf 75' lang='lat' dir='ltr'>l</span> <span class='ocrx_word' id='word_1_138' title='bbox 122 2147 246 2212; x_wconf 86' lang='lat' dir='ltr'>faciant</span> <span class='ocrx_word' id='word_1_139' title='bbox 261 2149 385 2232; x_wconf 89' lang='lat' dir='ltr'>nuntijs</span> <span class='ocrx_word' id='word_1_140' title='bbox 403 2147 592 2230; x_wconf 85' lang='lat' dir='ltr'>Majestatis</span> <span class='ocrx_word' id='word_1_141' title='bbox 610 2147 683 2213; x_wconf 83' lang='lat' dir='ltr'>Sue.</span> 
     </span>
    </p>
   </div>
   <div class='ocr_carea' id='block_1_12' title="bbox 228 2253 1252 2339">
    <p class='ocr_par' dir='ltr' id='par_1_12' title="bbox 228 2253 1252 2339">
     <span class='ocr_line' id='line_1_18' title="bbox 228 2253 1252 2339; baseline 0.001 -20"><span class='ocrx_word' id='word_1_142' title='bbox 228 2253 304 2320; x_wconf 89' lang='lat' dir='ltr'>Dici</span> <span class='ocrx_word' id='word_1_143' title='bbox 320 2256 442 2320; x_wconf 84' lang='lat' dir='ltr'>fecistis</span> <span class='ocrx_word' id='word_1_144' title='bbox 459 2257 552 2321; x_wconf 92' lang='lat' dir='ltr'>nobis</span> <span class='ocrx_word' id='word_1_145' title='bbox 568 2279 623 2324; x_wconf 90' lang='lat' dir='ltr'>vos</span> <span class='ocrx_word' id='word_1_146' title='bbox 634 2256 812 2338; x_wconf 82' lang='lat' dir='ltr'>Johannes‚</span> <span class='ocrx_word' id='word_1_147' title='bbox 828 2258 916 2339; x_wconf 91' lang='lat' dir='ltr'>quod</span> <span class='ocrx_word' id='word_1_148' title='bbox 932 2255 1060 2322; x_wconf 83' lang='lat' dir='ltr'>bebetis</span> <span class='ocrx_word' id='word_1_149' title='bbox 1077 2278 1158 2339; x_wconf 92' lang='lat' dir='ltr'>opus</span> <span class='ocrx_word' id='word_1_150' title='bbox 1174 2255 1252 2320; x_wconf 90' lang='lat' dir='ltr'>duo-</span> 
     </span>
    </p>
   </div>
   <div class='ocr_carea' id='block_1_13' title="bbox 1 2326 1250 2448">
    <p class='ocr_par' dir='ltr' id='par_1_13' title="bbox 1 2326 1250 2448">
     <span class='ocr_line' id='line_1_19' title="bbox 1 2326 2 2348; baseline 0 0"><span class='ocrx_word' id='word_1_151' title='bbox 1 2326 2 2348; x_wconf 50' lang='lat' dir='ltr'>i</span> 
     </span>
     <span class='ocr_line' id='line_1_20' title="bbox 1 2361 1250 2448; baseline -0.001 -20"><span class='ocrx_word' id='word_1_152' title='bbox 1 2361 2 2364; x_wconf 51' lang='lat'>&#39;</span> <span class='ocrx_word' id='word_1_153' title='bbox 121 2363 180 2428; x_wconf 89' lang='lat' dir='ltr'>bus</span> <span class='ocrx_word' id='word_1_154' title='bbox 196 2364 290 2428; x_wconf 92' lang='lat' dir='ltr'>bonis</span> <span class='ocrx_word' id='word_1_155' title='bbox 307 2365 398 2448; x_wconf 91' lang='lat' dir='ltr'>equis</span> <span class='ocrx_word' id='word_1_156' title='bbox 415 2385 474 2446; x_wconf 88' lang='lat' dir='ltr'>pro</span> <span class='ocrx_word' id='word_1_157' title='bbox 491 2385 630 2448; x_wconf 83' lang='lat' dir='ltr'>persona</span> <span class='ocrx_word' id='word_1_158' title='bbox 646 2372 762 2444; x_wconf 80' lang='lat' dir='ltr'>vestra,</span> <span class='ocrx_word' id='word_1_159' title='bbox 779 2387 837 2428; x_wconf 91' lang='lat' dir='ltr'>nos</span> <span class='ocrx_word' id='word_1_160' title='bbox 855 2386 939 2447; x_wconf 86' lang='lat' dir='ltr'>vero,</span> <span class='ocrx_word' id='word_1_161' title='bbox 956 2371 993 2428; x_wconf 92' lang='lat' dir='ltr'>ut</span> <span class='ocrx_word' id='word_1_162' title='bbox 1009 2364 1250 2430; x_wconf 83' lang='lat' dir='ltr'>satisfaciamus</span> 
     </span>
    </p>
   </div>
   <div class='ocr_carea' id='block_1_14' title="bbox 120 2471 1253 2880">
    <p class='ocr_par' dir='ltr' id='par_1_14' title="bbox 120 2471 1251 2664">
     <span class='ocr_line' id='line_1_21' title="bbox 120 2471 1249 2556; baseline -0.001 -21"><span class='ocrx_word' id='word_1_163' title='bbox 120 2471 221 2550; x_wconf 76' lang='lat' dir='ltr'>nobie,</span> <span class='ocrx_word' id='word_1_164' title='bbox 238 2471 379 2536; x_wconf 90' lang='lat' dir='ltr'>contenti</span> <span class='ocrx_word' id='word_1_165' title='bbox 398 2492 514 2552; x_wconf 77' lang='lat' dir='ltr'>sumus,</span> <span class='ocrx_word' id='word_1_166' title='bbox 540 2471 627 2555; x_wconf 90' lang='lat' dir='ltr'>quod</span> <span class='ocrx_word' id='word_1_167' title='bbox 648 2473 710 2536; x_wconf 92' lang='lat' dir='ltr'>emi</span> <span class='ocrx_word' id='word_1_168' title='bbox 727 2471 854 2536; x_wconf 82' lang='lat' dir='ltr'>facietis</span> <span class='ocrx_word' id='word_1_169' title='bbox 870 2473 903 2537; x_wconf 95' lang='lat' dir='ltr'>in</span> <span class='ocrx_word' id='word_1_170' title='bbox 920 2473 985 2537; x_wconf 90' lang='lat' dir='ltr'>illis</span> <span class='ocrx_word' id='word_1_171' title='bbox 1002 2474 1151 2556; x_wconf 86' lang='lat' dir='ltr'>partibus</span> <span class='ocrx_word' id='word_1_172' title='bbox 1168 2471 1249 2535; x_wconf 90' lang='lat' dir='ltr'>duos</span> 
     </span>
     <span class='ocr_line' id='line_1_22' title="bbox 120 2577 1251 2664; baseline 0.003 -23"><span class='ocrx_word' id='word_1_173' title='bbox 120 2577 222 2642; x_wconf 87' lang='lat' dir='ltr'>bonos</span> <span class='ocrx_word' id='word_1_174' title='bbox 239 2599 346 2661; x_wconf 90' lang='lat' dir='ltr'>equos,</span> <span class='ocrx_word' id='word_1_175' title='bbox 361 2586 398 2644; x_wconf 91' lang='lat' dir='ltr'>ut</span> <span class='ocrx_word' id='word_1_176' title='bbox 414 2601 468 2645; x_wconf 85' lang='lat' dir='ltr'>eos</span> <span class='ocrx_word' id='word_1_177' title='bbox 484 2581 516 2644; x_wconf 94' lang='lat' dir='ltr'>in</span> <span class='ocrx_word' id='word_1_178' title='bbox 533 2581 833 2664; x_wconf 80' lang='lat' dir='ltr'>opportunitatibus</span> <span class='ocrx_word' id='word_1_179' title='bbox 849 2581 965 2646; x_wconf 88' lang='lat' dir='ltr'>vestris</span> <span class='ocrx_word' id='word_1_180' title='bbox 976 2579 1097 2645; x_wconf 88' lang='lat' dir='ltr'>habere</span> <span class='ocrx_word' id='word_1_181' title='bbox 1110 2579 1251 2664; x_wconf 85' lang='lat' dir='ltr'>posistis.</span> 
     </span>
    </p>

    <p class='ocr_par' dir='ltr' id='par_1_15' title="bbox 121 2685 1253 2880">
     <span class='ocr_line' id='line_1_23' title="bbox 229 2685 1252 2773; baseline 0.001 -22"><span class='ocrx_word' id='word_1_182' title='bbox 229 2685 354 2753; x_wconf 87' lang='lat' dir='ltr'>Notum</span> <span class='ocrx_word' id='word_1_183' title='bbox 373 2688 463 2753; x_wconf 89' lang='lat' dir='ltr'>vobis</span> <span class='ocrx_word' id='word_1_184' title='bbox 481 2689 613 2754; x_wconf 84' lang='lat' dir='ltr'>facimus</span> <span class='ocrx_word' id='word_1_185' title='bbox 624 2689 690 2754; x_wconf 87' lang='lat' dir='ltr'>HI.</span> <span class='ocrx_word' id='word_1_186' title='bbox 701 2688 742 2753; x_wconf 93' lang='lat' dir='ltr'>D.</span> <span class='ocrx_word' id='word_1_187' title='bbox 759 2688 883 2754; x_wconf 90' lang='lat' dir='ltr'>Ducem</span> <span class='ocrx_word' id='word_1_188' title='bbox 899 2688 1079 2756; x_wconf 86' lang='lat' dir='ltr'>Mediolani</span> <span class='ocrx_word' id='word_1_189' title='bbox 1097 2689 1252 2773; x_wconf 88' lang='lat' dir='ltr'>optulisse</span> 
     </span>
     <span class='ocr_line' id='line_1_24' title="bbox 121 2793 1253 2880; baseline 0.003 -23"><span class='ocrx_word' id='word_1_190' title='bbox 121 2793 224 2860; x_wconf 89' lang='lat' dir='ltr'>libero</span> <span class='ocrx_word' id='word_1_191' title='bbox 252 2800 284 2860; x_wconf 92' lang='lat' dir='ltr'>et</span> <span class='ocrx_word' id='word_1_192' title='bbox 310 2801 462 2879; x_wconf 87' lang='lat' dir='ltr'>prompto</span> <span class='ocrx_word' id='word_1_193' title='bbox 489 2797 595 2861; x_wconf 86' lang='lat' dir='ltr'>animo</span> <span class='ocrx_word' id='word_1_194' title='bbox 610 2798 739 2862; x_wconf 87' lang='lat' dir='ltr'>mittere</span> <span class='ocrx_word' id='word_1_195' title='bbox 757 2797 798 2861; x_wconf 90' lang='lat' dir='ltr'>ad</span> <span class='ocrx_word' id='word_1_196' title='bbox 815 2799 898 2863; x_wconf 86' lang='lat' dir='ltr'>hanc</span> <span class='ocrx_word' id='word_1_197' title='bbox 915 2805 1061 2863; x_wconf 88' lang='lat' dir='ltr'>sanctam</span> <span class='ocrx_word' id='word_1_198' title='bbox 1078 2797 1253 2880; x_wconf 91' lang='lat' dir='ltr'>expeditio·</span> 
     </span>
    </p>
   </div>
   <div class='ocr_carea' id='block_1_15' title="bbox 1 2902 1250 2987">
    <p class='ocr_par' dir='ltr' id='par_1_16' title="bbox 1 2902 1250 2987">
     <span class='ocr_line' id='line_1_25' title="bbox 1 2902 1250 2987; baseline 0.001 -20"><span class='ocrx_word' id='word_1_199' title='bbox 1 2937 2 2984; x_wconf 76' lang='lat' dir='ltr'>l</span> <span class='ocrx_word' id='word_1_200' title='bbox 120 2924 193 2967; x_wconf 87' lang='lat' dir='ltr'>nem</span> <span class='ocrx_word' id='word_1_201' title='bbox 209 2923 309 2967; x_wconf 91' lang='lat' dir='ltr'>unum</span> <span class='ocrx_word' id='word_1_202' title='bbox 321 2925 360 2967; x_wconf 89' lang='lat' dir='ltr'>ex</span> <span class='ocrx_word' id='word_1_203' title='bbox 371 2902 447 2987; x_wconf 85' lang='lat' dir='ltr'>filijs</span> <span class='ocrx_word' id='word_1_204' title='bbox 458 2905 523 2967; x_wconf 85' lang='lat' dir='ltr'>suis</span> <span class='ocrx_word' id='word_1_205' title='bbox 533 2902 696 2986; x_wconf 81' lang='lat' dir='ltr'>legitimis,</span> <span class='ocrx_word' id='word_1_206' title='bbox 714 2927 752 2969; x_wconf 90' lang='lat' dir='ltr'>ac</span> <span class='ocrx_word' id='word_1_207' title='bbox 762 2906 940 2971; x_wconf 92' lang='lat' dir='ltr'>Dominum</span> <span class='ocrx_word' id='word_1_208' title='bbox 950 2905 1137 2971; x_wconf 77' lang='lat' dir='ltr'>Tristanum</span> <span class='ocrx_word' id='word_1_209' title='bbox 1149 2903 1250 2970; x_wconf 90' lang='lat' dir='ltr'>filium</span> 
     </span>
    </p>
   </div>
   <div class='ocr_carea' id='block_1_16' title="bbox 2 5175 5 5244">
    <p class='ocr_par' dir='ltr' id='par_1_17' title="bbox 2 5175 5 5244">
     <span class='ocr_line' id='line_1_26' title="bbox 2 5175 5 5244; baseline 0 0"><span class='ocrx_word' id='word_1_210' title='bbox 2 5175 5 5244; x_wconf 78' lang='lat' dir='ltr'>l</span> 
     </span>
    </p>
   </div>
   <div class='ocr_carea' id='block_1_17' title="bbox 120 3010 1252 3744">
    <p class='ocr_par' dir='ltr' id='par_1_18' title="bbox 122 3010 1252 3418">
     <span class='ocr_line' id='line_1_27' title="bbox 124 3010 1249 3097; baseline 0.002 -23"><span class='ocrx_word' id='word_1_211' title='bbox 124 3032 216 3074; x_wconf 89' lang='lat' dir='ltr'>suum</span> <span class='ocrx_word' id='word_1_212' title='bbox 237 3010 421 3076; x_wconf 84' lang='lat' dir='ltr'>naturalem</span> <span class='ocrx_word' id='word_1_213' title='bbox 443 3033 512 3076; x_wconf 91' lang='lat' dir='ltr'>cum</span> <span class='ocrx_word' id='word_1_214' title='bbox 535 3012 697 3095; x_wconf 86' lang='lat' dir='ltr'>equitibus</span> <span class='ocrx_word' id='word_1_215' title='bbox 713 3011 752 3076; x_wconf 92' lang='grc' dir='ltr'>Π</span> <span class='ocrx_word' id='word_1_216' title='bbox 768 3013 911 3078; x_wconf 92' lang='lat' dir='ltr'>millibus</span> <span class='ocrx_word' id='word_1_217' title='bbox 929 3021 962 3079; x_wconf 93' lang='lat' dir='ltr'>et</span> <span class='ocrx_word' id='word_1_218' title='bbox 978 3012 1143 3097; x_wconf 84' lang='lat' dir='ltr'>peditibus</span> <span class='ocrx_word' id='word_1_219' title='bbox 1160 3013 1249 3076; x_wconf 91' lang='lat' dir='ltr'>mille</span> 
     </span>
     <span class='ocr_line' id='line_1_28' title="bbox 122 3119 1252 3204; baseline 0.002 -22"><span class='ocrx_word' id='word_1_220' title='bbox 122 3119 268 3201; x_wconf 89' lang='lat' dir='ltr'>gentium</span> <span class='ocrx_word' id='word_1_221' title='bbox 288 3119 481 3184; x_wconf 85' lang='lat' dir='ltr'>Italicarum</span> <span class='ocrx_word' id='word_1_222' title='bbox 497 3121 581 3184; x_wconf 91' lang='lat' dir='ltr'>bene</span> <span class='ocrx_word' id='word_1_223' title='bbox 597 3122 631 3185; x_wconf 90' lang='lat' dir='ltr'>iu</span> <span class='ocrx_word' id='word_1_224' title='bbox 646 3127 776 3203; x_wconf 81' lang='lat' dir='ltr'>puncto,</span> <span class='ocrx_word' id='word_1_225' title='bbox 803 3143 884 3204; x_wconf 88' lang='lat' dir='ltr'>quas</span> <span class='ocrx_word' id='word_1_226' title='bbox 901 3123 1030 3186; x_wconf 90' lang='lat' dir='ltr'>mittere</span> <span class='ocrx_word' id='word_1_227' title='bbox 1046 3119 1168 3204; x_wconf 89' lang='lat' dir='ltr'>optulit</span> <span class='ocrx_word' id='word_1_228' title='bbox 1193 3143 1252 3204; x_wconf 87' lang='lat' dir='ltr'>per</span> 
     </span>
     <span class='ocr_line' id='line_1_29' title="bbox 123 3223 1252 3313; baseline 0.004 -25"><span class='ocrx_word' id='word_1_229' title='bbox 123 3227 209 3290; x_wconf 85' lang='lat' dir='ltr'>viam</span> <span class='ocrx_word' id='word_1_230' title='bbox 231 3223 373 3291; x_wconf 82' lang='lat' dir='ltr'>Albania</span> <span class='ocrx_word' id='word_1_231' title='bbox 389 3233 503 3293; x_wconf 87' lang='lat' dir='ltr'>contra</span> <span class='ocrx_word' id='word_1_232' title='bbox 520 3227 672 3311; x_wconf 78' lang='lat' dir='ltr'>Turcum,</span> <span class='ocrx_word' id='word_1_233' title='bbox 688 3228 727 3294; x_wconf 92' lang='lat' dir='ltr'>de</span> <span class='ocrx_word' id='word_1_234' title='bbox 745 3251 810 3311; x_wconf 83' lang='lat' dir='ltr'>qua</span> <span class='ocrx_word' id='word_1_235' title='bbox 825 3251 859 3293; x_wconf 91' lang='lat' dir='ltr'>re</span> <span class='ocrx_word' id='word_1_236' title='bbox 875 3229 1029 3310; x_wconf 90' lang='lat' dir='ltr'>volumus,</span> <span class='ocrx_word' id='word_1_237' title='bbox 1049 3229 1135 3313; x_wconf 89' lang='lat' dir='ltr'>quod</span> <span class='ocrx_word' id='word_1_238' title='bbox 1151 3231 1252 3294; x_wconf 86' lang='lat' dir='ltr'>etiam</span> 
     </span>
     <span class='ocr_line' id='line_1_30' title="bbox 124 3334 723 3418; baseline 0.007 -21"><span class='ocrx_word' id='word_1_239' title='bbox 124 3335 281 3398; x_wconf 90' lang='lat' dir='ltr'>noticiam</span> <span class='ocrx_word' id='word_1_240' title='bbox 297 3335 382 3399; x_wconf 87' lang='lat' dir='ltr'>detis</span> <span class='ocrx_word' id='word_1_241' title='bbox 399 3334 612 3401; x_wconf 85' lang='lat' dir='ltr'>Serenissimo</span> <span class='ocrx_word' id='word_1_242' title='bbox 627 3334 723 3418; x_wconf 87' lang='lat' dir='ltr'>Regi.</span> 
     </span>
    </p>

    <p class='ocr_par' dir='ltr' id='par_1_19' title="bbox 120 3440 1252 3744">
     <span class='ocr_line' id='line_1_31' title="bbox 228 3440 1252 3528; baseline 0.004 -22"><span class='ocrx_word' id='word_1_243' title='bbox 228 3440 428 3526; x_wconf 82' lang='lat' dir='ltr'>Accepimus</span> <span class='ocrx_word' id='word_1_244' title='bbox 453 3445 704 3509; x_wconf 88' lang='lat' dir='ltr'>instrumentum</span> <span class='ocrx_word' id='word_1_245' title='bbox 722 3444 805 3527; x_wconf 83' lang='lat' dir='ltr'>Lige</span> <span class='ocrx_word' id='word_1_246' title='bbox 831 3445 994 3510; x_wconf 85' lang='lat' dir='ltr'>celebrate</span> <span class='ocrx_word' id='word_1_247' title='bbox 1011 3445 1097 3510; x_wconf 89' lang='lat' dir='ltr'>inter</span> <span class='ocrx_word' id='word_1_248' title='bbox 1114 3445 1252 3528; x_wconf 84' lang='lat' dir='ltr'>Regiam</span> 
     </span>
     <span class='ocr_line' id='line_1_32' title="bbox 120 3549 1252 3638; baseline 0.003 -24"><span class='ocrx_word' id='word_1_249' title='bbox 120 3549 332 3635; x_wconf 86' lang='lat' dir='ltr'>Majestatem</span> <span class='ocrx_word' id='word_1_250' title='bbox 349 3557 381 3615; x_wconf 91' lang='lat' dir='ltr'>et</span> <span class='ocrx_word' id='word_1_251' title='bbox 397 3573 464 3634; x_wconf 77' lang='lat' dir='ltr'>noe,</span> <span class='ocrx_word' id='word_1_252' title='bbox 482 3573 580 3635; x_wconf 82' lang='lat' dir='ltr'>quam</span> <span class='ocrx_word' id='word_1_253' title='bbox 597 3553 784 3618; x_wconf 89' lang='lat' dir='ltr'>solemniter</span> <span class='ocrx_word' id='word_1_254' title='bbox 800 3561 833 3618; x_wconf 90' lang='lat' dir='ltr'>et</span> <span class='ocrx_word' id='word_1_255' title='bbox 844 3554 1043 3638; x_wconf 88' lang='lat' dir='ltr'>perjucundo</span> <span class='ocrx_word' id='word_1_256' title='bbox 1055 3555 1162 3618; x_wconf 84' lang='lat' dir='ltr'>animo</span> <span class='ocrx_word' id='word_1_257' title='bbox 1173 3553 1252 3637; x_wconf 91' lang='lat' dir='ltr'>pub·</span> 
     </span>
     <span class='ocr_line' id='line_1_33' title="bbox 120 3657 1252 3744; baseline 0.001 -23"><span class='ocrx_word' id='word_1_258' title='bbox 120 3657 214 3722; x_wconf 79' lang='lat' dir='ltr'>liceri</span> <span class='ocrx_word' id='word_1_259' title='bbox 239 3657 394 3722; x_wconf 81' lang='lat' dir='ltr'>faciemus</span> <span class='ocrx_word' id='word_1_260' title='bbox 422 3659 474 3723; x_wconf 90' lang='lat' dir='ltr'>die</span> <span class='ocrx_word' id='word_1_261' title='bbox 492 3659 671 3726; x_wconf 87' lang='lat' dir='ltr'>Domenica</span> <span class='ocrx_word' id='word_1_262' title='bbox 695 3662 888 3744; x_wconf 84' lang='lat' dir='ltr'>palmarum,</span> <span class='ocrx_word' id='word_1_263' title='bbox 916 3661 1001 3724; x_wconf 90' lang='lat' dir='ltr'>sicut</span> <span class='ocrx_word' id='word_1_264' title='bbox 1025 3681 1081 3726; x_wconf 88' lang='lat' dir='ltr'>vos</span> <span class='ocrx_word' id='word_1_265' title='bbox 1103 3661 1252 3725; x_wconf 86' lang='lat' dir='ltr'>Joannes</span> 
     </span>
    </p>
   </div>
   <div class='ocr_carea' id='block_1_18' title="bbox 121 3765 704 3958">
    <p class='ocr_par' dir='ltr' id='par_1_20' title="bbox 121 3765 704 3958">
     <span class='ocr_line' id='line_1_34' title="bbox 121 3765 443 3850; baseline 0.012 -22"><span class='ocrx_word' id='word_1_266' title='bbox 121 3765 163 3829; x_wconf 88' lang='lat' dir='ltr'>ad</span> <span class='ocrx_word' id='word_1_267' title='bbox 181 3787 238 3829; x_wconf 88' lang='lat' dir='ltr'>nos</span> <span class='ocrx_word' id='word_1_268' title='bbox 255 3767 443 3850; x_wconf 87' lang='lat' dir='ltr'>scripsistis.</span> 
     </span>
     <span class='ocr_line' id='line_1_35' title="bbox 229 3873 704 3958; baseline 0.011 -21"><span class='ocrx_word' id='word_1_269' title='bbox 229 3873 272 3958; x_wconf 49' lang='grc'>4-</span> <span class='ocrx_word' id='word_1_270' title='bbox 320 3877 382 3938; x_wconf 84' lang='grc'>159</span> <span class='ocrx_word' id='word_1_271' title='bbox 430 3917 466 3927; x_wconf 86' lang='grc'>-</span> <span class='ocrx_word' id='word_1_272' title='bbox 518 3878 533 3940; x_wconf 91' lang='grc'><strong>1</strong></span> <span class='ocrx_word' id='word_1_273' title='bbox 584 3913 625 3924; x_wconf 91' lang='grc'><strong>-</strong></span> <span class='ocrx_word' id='word_1_274' title='bbox 676 3881 704 3942; x_wconf 81' lang='grc'>2.</span> 
     </span>
    </p>
   </div>
   <div class='ocr_carea' id='block_1_19' title="bbox 227 4037 664 4101">
    <p class='ocr_par' dir='ltr' id='par_1_21' title="bbox 227 4037 664 4101">
     <span class='ocr_line' id='line_1_36' title="bbox 227 4037 664 4101; baseline 0.002 -14"><span class='ocrx_word' id='word_1_275' title='bbox 227 4037 385 4097; x_wconf 83' lang='lat' dir='ltr'>(Velenczei</span> <span class='ocrx_word' id='word_1_276' title='bbox 400 4039 581 4101; x_wconf 75' lang='lat' dir='ltr'>tllemktinyv</span> <span class='ocrx_word' id='word_1_277' title='bbox 596 4043 619 4089; x_wconf 83' lang='lat'>2.</span> <span class='ocrx_word' id='word_1_278' title='bbox 635 4039 664 4096; x_wconf 89' lang='lat' dir='ltr'>l.)</span> 
     </span>
    </p>
   </div>
   <div class='ocr_carea' id='block_1_20' title="bbox 607 4269 766 4278">
    <p class='ocr_par' dir='ltr' id='par_1_22' title="bbox 607 4269 766 4278">
     <span class='ocr_line' id='line_1_37' title="bbox 607 4269 766 4278; baseline -0.013 0"><span class='ocrx_word' id='word_1_279' title='bbox 607 4269 766 4278; x_wconf 47' lang='lat' dir='ltr'>h—-b--na-</span> 
     </span>
    </p>
   </div>
   <div class='ocr_carea' id='block_1_21' title="bbox 169 4653 685 4696">
    <p class='ocr_par' dir='ltr' id='par_1_23' title="bbox 169 4653 685 4696">
     <span class='ocr_line' id='line_1_38' title="bbox 169 4653 685 4696; baseline 0.002 -4"><span class='ocrx_word' id='word_1_280' title='bbox 169 4653 229 4696; x_wconf 80' lang='lat' dir='ltr'>lton.</span> <span class='ocrx_word' id='word_1_281' title='bbox 246 4659 328 4694; x_wconf 79' lang='lat' dir='ltr'>nune.</span> <span class='ocrx_word' id='word_1_282' title='bbox 344 4653 413 4696; x_wconf 75' lang='lat' dir='ltr'>lsrsr.</span> <span class='ocrx_word' id='word_1_283' title='bbox 429 4670 472 4680; x_wconf 95' lang='lat'><em>-</em></span> <span class='ocrx_word' id='word_1_284' title='bbox 489 4657 557 4695; x_wconf 69' lang='lat' dir='ltr'>acra</span> <span class='ocrx_word' id='word_1_285' title='bbox 573 4661 633 4694; x_wconf 76' lang='lat' dir='ltr'>uxr.</span> <span class='ocrx_word' id='word_1_286' title='bbox 650 4662 685 4694; x_wconf 65' lang='lat' dir='ltr'>rvi</span> 
     </span>
    </p>
   </div>
   <div class='ocr_carea' id='block_1_22' title="bbox 0 0 1632 5301">
    <p class='ocr_par' dir='ltr' id='par_1_24' title="bbox 0 0 1632 5301">
     <span class='ocr_line' id='line_1_39' title="bbox 0 0 1632 5301; baseline 0 0"><span class='ocrx_word' id='word_1_287' title='bbox 0 0 1632 5301; x_wconf 95' lang='lat' dir='ltr'> </span> 
     </span>
    </p>
   </div>
  </div>
 </body>
</html>
