3268 5308
631 346 725 412 1491.
887 346 890 357 ’
1202 359 1242 423 93

583 423 585 431 1

113 528 322 608 captivorum
354 525 674 609 Constantinopolim
699 529 842 594 miserat.
875 527 925 596 At
950 535 1110 612 quomodo
1134 537 1243 602 verisi-

112 636 236 702 militer
252 636 424 702 tenendum
441 643 498 716 est,
515 637 652 702 attentis
669 637 927 712 insolentissimis
954 640 1194 708 conditionibus
1211 651 1244 710 et

112 744 252 827 perfidia
268 745 374 809 hostis
390 744 494 824 istius,
510 744 597 825 quod
622 745 782 828 expeditis
799 767 819 810 a
835 745 931 812 rebus
957 746 1023 812 illis
1048 745 1133 815 Asia
1157 753 1242 817 vires
1264 826 1266 832 ¹

112 873 189 917 suas
205 853 239 916 in
255 853 423 936 Europam
449 856 563 916 contra
588 852 782 918 christianos
808 852 949 937 dirigere
974 855 1141 938 cogitabit,
1168 861 1244 924 scri-

112 960 242 1026 bendas
259 963 319 1026 has
336 965 466 1026 nostras
484 961 526 1025 ad
542 965 576 1026 te
593 960 753 1044 duximus,
764 960 919 1043 volenter,
932 962 1019 1045 quod
1035 963 1092 1029 des
1110 986 1241 1048 operam

114 1069 262 1132 adeundi
277 1069 515 1152 quamprimum
532 1069 730 1151 presentiam
746 1067 851 1153 Regie
861 1069 1241 1156 MajestatisHungarie‚

112 1175 399 1242 commemorando
430 1174 493 1240 sibi
517 1177 622 1242 nostri
647 1181 748 1259 parte·
767 1199 851 1242 nova
875 1179 1030 1262 predicta,
1058 1179 1097 1244 (19
1125 1182 1241 1263 quibus

111 1292 225 1350 tamen
242 1290 319 1350 ante
335 1285 399 1350 hac
416 1281 583 1351 serenitas
600 1284 668 1351 Sua
683 1289 791 1371 potuit
807 1287 985 1354 informari.
1022 1287 1093 1372 Qus
1110 1290 1242 1354 eumad

111 1412 283 1456 comunem
299 1392 435 1457 salutem
453 1393 554 1456 totius
580 1392 758 1459 christiane
785 1393 952 1477 religionis
978 1395 1156 1478 importare
1172 1398 1242 1481 plu-

109 1499 231 1564 rimum
247 1499 426 1582 videantur,
450 1504 594 1564 tenemus
620 1523 641 1565 a
666 1499 852 1566 christianis
877 1501 1078 1584 principibus
1103 1504 1241 1569 multum

111 1607 352 1672 consideranda
378 1613 411 1672 et
436 1607 685 1690 magnificienda
710 1630 797 1690 esse;
826 1609 977 1674 Romano
1003 1617 1112 1676 autem
1128 1613 1242 1678 Ponti·

109 1713 169 1780 fice
187 1715 226 1780 de
243 1714 294 1778 his
312 1715 408 1780 rebus
419 1736 477 1798 per
488 1715 633 1780 efficaces
644 1716 772 1782 litteras
783 1719 1170 1802 nostrasquamprimum
1185 1741 1241 1784 nc·

109 1824 225 1888 ticiam
241 1822 396 1902 dedimus,
412 1844 472 1888 nec
491 1822 678 1889 dubitamus
696 1821 940 1890 Beatitudinem
956 1825 1057 1892 Suam
1076 1825 1127 1891 bis
1142 1825 1240 1891 rebus

111 1951 212 2014 quam
223 1931 376 1996 citissime
385 1930 592 2013 provisuram
603 1951 682 2014 esse,
697 1929 841 2014 factique
851 1953 961 1998 sumus
973 1933 1129 1998 certiores
1140 1931 1240 1998 Sanc-

108 2038 238 2102 titatem
251 2035 352 2102 Suam
365 2038 435 2122 jam
444 2038 571 2104 misisse
583 2039 743 2122 Legatum
755 2060 849 2104 suum
860 2040 903 2104 ad
914 2036 1163 2104 Serenissimum
1172 2037 1240 2105 Do-

111 2145 236 2210 minum
247 2144 472 2210 Franchorum
482 2145 605 2230 Regem
617 2146 802 2230 specialiter
812 2146 947 2213 obhane
957 2169 1089 2217 causam
1099 2145 1241 2212 'l'uroho-

109 2276 192 2336 rum,
209 2259 245 2317 ut
270 2254 397 2341 potenti
421 2275 520 2318 manu
545 2275 601 2320 sue
620 2253 756 2337 perfidie
773 2261 970 2337 occurratur,
986 2254 1021 2319 id
1037 2256 1144 2339 ipsum
1161 2274 1239 2336 quo-

111 2381 172 2442 que
190 2366 223 2426 et
238 2383 297 2427 nos
314 2361 402 2445 apud
418 2363 524 2445 ipsam
539 2361 681 2445 Regiam
700 2362 912 2446 Majestatem
930 2363 999 2428 fieri
1012 2363 1166 2447 jussimus
1182 2383 1240 2444 per

93 2466 270 2536 'Oratores
286 2477 415 2538 nostros
427 2470 498 2556 jam
522 2471 636 2536 missos
663 2471 706 2536 ad
730 2473 927 2554 presentiam
954 2469 1018 2536 Sue
1037 2457 1240 2550 Serenitatis,

110 2599 343 2664 speramusque
360 2582 441 2647 etin
458 2580 568 2646 divina
584 2579 732 2646 bonitate
749 2577 941 2644 confidimus
961 2601 1013 2646 res
1038 2577 1239 2644 Christiano-

111 2708 184 2752 rum
210 2686 365 2756 adversus
387 2689 472 2754 huno
496 2689 600 2753 crucis
625 2688 753 2753 bostem
778 2685 916 2752 feliciter
945 2707 1154 2772 successuras,
1179 2708 1238 2771 pro

111 2815 228 2876 quare
244 2796 328 2860 nihil
345 2795 384 2862 de
404 2795 614 2880 possibilibus
639 2796 823 2861 ommissuri
850 2816 968 2876 sumus,
988 2802 1021 2860 et
1048 2795 1087 2860 de
1116 2799 1238 2878 quanto

109 2902 245 2970 habebis
261 2903 302 2969 ab
323 2903 500 2989 Majestate
517 2901 585 2969 Sua
601 2903 754 2969 distincte
771 2907 803 2966 et
818 2901 1062 2986 particulariter
1078 2923 1136 2985 per
1151 2902 1239 2965 litte-

110 3032 164 3076 ras
179 3017 257 3076 tuas
283 3009 416 3077 ciiratas
441 3033 500 3077 nos
526 3011 679 3078 certiores
696 3013 936 3095 quamprimum
951 3010 1058 3077 facere
1075 3008 1239 3089 studebis3

110 3141 219 3184 verum
239 3120 267 3183 si
282 3117 367 3184 forte
387 3121 523 3185 sentires
540 3118 704 3203 prefatum
719 3120 845 3203 Regem
862 3119 905 3185 ad
922 3118 1129 3184 concordiam
1147 3115 1239 3181 deve·

111 3229 194 3293 nisse
211 3247 286 3292 cum
302 3226 420 3311 Turno,
436 3249 474 3292 eo
492 3249 569 3293 casu
584 3229 741 3313 volumus,
758 3227 845 3312 quod
864 3227 947 3292 nihil
963 3227 1003 3292 de
1019 3226 1179 3310 presentis
1195 3223 1240 3288 di-

113 3357 184 3400 cere
201 3336 322 3403 debeas
333 3336 510 3403 Serenitati
523 3335 597 3416 Sue,
621 3337 680 3402 sed
696 3336 735 3402 de
751 3342 872 3420 quanto
888 3335 1032 3420 babebis,
1056 3355 1115 3400 nos
1132 3332 1238 3398 subito

112 3443 287 3510 advisabis.
312 3445 487 3511 Presentes
503 3445 613 3510 littere
628 3451 739 3511 nostre
765 3445 951 3510 scribantur
977 3443 1010 3508 in
1026 3441 1110 3508 citra
1134 3439 1239 3506 eidem

112 3544 295 3617 Secretario
320 3558 434 3618 nostro
459 3559 492 3618 et
516 3574 574 3637 per
599 3553 699 3618 fidum
716 3556 749 3618 et
765 3552 903 3618 celerem
918 3549 1082 3616 Nunnium
1097 3547 1234 3614 indilate

111 3659 293 3726 mittantur.

216 3766 357 3834 Interim
382 3791 457 3834 vero
484 3771 630 3852 dicimus,
653 3770 741 3854 quod
767 3770 795 3834 si
811 3768 957 3852 placebit
975 3764 1147 3851 Majestati
1164 3760 1237 3840 Sue,

3 3859 10 3866 .
113 3883 243 3960 gratum
262 3878 439 3944 admodum
454 3881 548 3946 nobie
566 3881 638 3961 erit,
648 3879 844 3960 cogitamine
860 3883 892 3942 et
907 3881 1051 3940 mentem
1064 3870 1130 3936 Sue
1146 3869 1237 3935 Sere-

114 3985 224 4050 nitatis
249 3986 435 4070 intelligere
453 3993 485 4052 et
502 3987 581 4070 quid
597 3987 658 4054 sibi
677 3983 943 4053 comunicandam
968 3980 1136 4046 nobiscum
1151 3977 1237 4042 vide·

115 4099 204 4158 retur
220 4115 280 4178 pro
298 4094 485 4160 comunibus
502 4095 656 4178 periculis
673 4093 842 4161 evitandis.

218 4202 261 4287 -l-
310 4207 373 4268 178
419 4245 456 4254 -
508 4208 523 4267 1
573 4241 614 4252 -
665 4207 692 4270 1.

220 4365 378 4429 (Velenczei
391 4366 569 4432 allamkdnyv
584 4371 625 4418 65.
640 4367 670 4429 1.)

596 4543 751 4556 ...ae--a-a-a
