<?xml version="1.0" encoding="UTF-8"?>
<!DOCTYPE html PUBLIC "-//W3C//DTD XHTML 1.0 Transitional//EN"
    "http://www.w3.org/TR/xhtml1/DTD/xhtml1-transitional.dtd">
<html xmlns="http://www.w3.org/1999/xhtml" xml:lang="en" lang="en">
 <head>
  <title>
</title>
<meta http-equiv="Content-Type" content="text/html;charset=utf-8" />
  <meta name='ocr-system' content='tesseract 3.04.00' />
  <meta name='ocr-capabilities' content='ocr_page ocr_carea ocr_par ocr_line ocrx_word'/>
</head>
<body>
  <div class='ocr_page' id='page_1' title='image "./magyardiplomacz01mattgoog_0295.png"; bbox 0 0 3256 5304; ppageno 0'>
   <div class='ocr_carea' id='block_1_1' title="bbox 605 346 1219 410">
    <p class='ocr_par' dir='ltr' id='par_1_1' title="bbox 605 346 1219 410">
     <span class='ocr_line' id='line_1_1' title="bbox 605 346 1219 410; baseline 0.007 -4"><span class='ocrx_word' id='word_1_1' title='bbox 605 346 702 406; x_wconf 87' lang='grc'><strong>1463.</strong></span> <span class='ocrx_word' id='word_1_2' title='bbox 1157 351 1219 410; x_wconf 78' lang='lat'>265</span> 
     </span>
    </p>
   </div>
   <div class='ocr_carea' id='block_1_2' title="bbox 91 519 1218 717">
    <p class='ocr_par' dir='ltr' id='par_1_2' title="bbox 91 519 1218 717">
     <span class='ocr_line' id='line_1_2' title="bbox 91 519 1218 609; baseline 0.004 -24"><span class='ocrx_word' id='word_1_3' title='bbox 91 523 188 606; x_wconf 87' lang='lat' dir='ltr'>primi</span> <span class='ocrx_word' id='word_1_4' title='bbox 213 521 325 585; x_wconf 93' lang='lat' dir='ltr'>ducati</span> <span class='ocrx_word' id='word_1_5' title='bbox 340 519 415 584; x_wconf 90' lang='lat' dir='ltr'>XX</span> <span class='ocrx_word' id='word_1_6' title='bbox 433 541 473 584; x_wconf 92' lang='lat' dir='ltr'>m.</span> <span class='ocrx_word' id='word_1_7' title='bbox 500 522 565 586; x_wconf 89' lang='lat' dir='ltr'>siut</span> <span class='ocrx_word' id='word_1_8' title='bbox 580 519 695 604; x_wconf 82' lang='lat' dir='ltr'>Jadre,</span> <span class='ocrx_word' id='word_1_9' title='bbox 721 523 770 586; x_wconf 88' lang='lat' dir='ltr'>vel</span> <span class='ocrx_word' id='word_1_10' title='bbox 787 523 844 587; x_wconf 91' lang='lat' dir='ltr'>ubi</span> <span class='ocrx_word' id='word_1_11' title='bbox 860 523 1023 609; x_wconf 87' lang='lat' dir='ltr'>Majestas</span> <span class='ocrx_word' id='word_1_12' title='bbox 1040 545 1099 588; x_wconf 91' lang='lat' dir='ltr'>sua</span> <span class='ocrx_word' id='word_1_13' title='bbox 1115 526 1218 590; x_wconf 90' lang='lat' dir='ltr'>malu-</span> 
     </span>
     <span class='ocr_line' id='line_1_3' title="bbox 93 627 1217 717; baseline 0.002 -23"><span class='ocrx_word' id='word_1_14' title='bbox 93 631 155 694; x_wconf 83' lang='lat' dir='ltr'><strong>erit</strong></span> <span class='ocrx_word' id='word_1_15' title='bbox 181 635 215 694; x_wconf 88' lang='lat' dir='ltr'>et</span> <span class='ocrx_word' id='word_1_16' title='bbox 240 629 287 694; x_wconf 91' lang='lat' dir='ltr'>sic</span> <span class='ocrx_word' id='word_1_17' title='bbox 312 627 351 692; x_wconf 91' lang='lat' dir='ltr'>de</span> <span class='ocrx_word' id='word_1_18' title='bbox 374 649 483 692; x_wconf 91' lang='lat' dir='ltr'>mense</span> <span class='ocrx_word' id='word_1_19' title='bbox 508 629 543 692; x_wconf 92' lang='lat' dir='ltr'>in</span> <span class='ocrx_word' id='word_1_20' title='bbox 568 649 709 694; x_wconf 90' lang='lat' dir='ltr'>mensem</span> <span class='ocrx_word' id='word_1_21' title='bbox 734 630 918 713; x_wconf 90' lang='lat' dir='ltr'>incipiendo</span> <span class='ocrx_word' id='word_1_22' title='bbox 943 632 983 696; x_wconf 88' lang='lat' dir='ltr'>de</span> <span class='ocrx_word' id='word_1_23' title='bbox 1008 652 1119 698; x_wconf 88' lang='lat' dir='ltr'>mense</span> <span class='ocrx_word' id='word_1_24' title='bbox 1135 633 1217 717; x_wconf 87' lang='lat' dir='ltr'>Julij</span> 
     </span>
    </p>
   </div>
   <div class='ocr_carea' id='block_1_3' title="bbox 1 735 1222 821">
    <p class='ocr_par' dir='ltr' id='par_1_3' title="bbox 1 735 1222 821">
     <span class='ocr_line' id='line_1_4' title="bbox 1 735 1222 821; baseline 0.004 -20"><span class='ocrx_word' id='word_1_25' title='bbox 1 737 2 744; x_wconf 72' lang='grc'>’</span> <span class='ocrx_word' id='word_1_26' title='bbox 93 738 231 821; x_wconf 87' lang='lat' dir='ltr'>predicti</span> <span class='ocrx_word' id='word_1_27' title='bbox 258 735 367 801; x_wconf 89' lang='lat' dir='ltr'>ducati</span> <span class='ocrx_word' id='word_1_28' title='bbox 383 735 473 804; x_wconf 91' lang='lat' dir='ltr'>VIII</span> <span class='ocrx_word' id='word_1_29' title='bbox 489 759 529 800; x_wconf 91' lang='lat' dir='ltr'>m.</span> <span class='ocrx_word' id='word_1_30' title='bbox 551 743 663 820; x_wconf 89' lang='lat' dir='ltr'>presto</span> <span class='ocrx_word' id='word_1_31' title='bbox 680 738 747 802; x_wconf 90' lang='lat' dir='ltr'>sint</span> <span class='ocrx_word' id='word_1_32' title='bbox 762 739 787 804; x_wconf 84' lang='lat' dir='ltr'>J</span> <span class='ocrx_word' id='word_1_33' title='bbox 789 739 877 820; x_wconf 81' lang='lat' dir='ltr'>adro,</span> <span class='ocrx_word' id='word_1_34' title='bbox 903 740 1003 805; x_wconf 85' lang='lat' dir='ltr'>veluti</span> <span class='ocrx_word' id='word_1_35' title='bbox 1019 763 1093 805; x_wconf 89' lang='lat' dir='ltr'>cum</span> <span class='ocrx_word' id='word_1_36' title='bbox 1108 742 1222 806; x_wconf 90' lang='lat' dir='ltr'>eadem</span> 
     </span>
    </p>
   </div>
   <div class='ocr_carea' id='block_1_4' title="bbox 94 843 1223 1148">
    <p class='ocr_par' dir='ltr' id='par_1_4' title="bbox 94 843 1223 1148">
     <span class='ocr_line' id='line_1_5' title="bbox 96 843 1220 933; baseline 0.004 -23"><span class='ocrx_word' id='word_1_37' title='bbox 96 845 278 930; x_wconf 80' lang='lat' dir='ltr'>Majestate</span> <span class='ocrx_word' id='word_1_38' title='bbox 295 843 518 923; x_wconf 83' lang='lat' dir='ltr'>conveneritis,</span> <span class='ocrx_word' id='word_1_39' title='bbox 534 850 568 908; x_wconf 88' lang='lat' dir='ltr'>et</span> <span class='ocrx_word' id='word_1_40' title='bbox 583 867 647 910; x_wconf 90' lang='lat' dir='ltr'>uon</span> <span class='ocrx_word' id='word_1_41' title='bbox 666 844 800 911; x_wconf 87' lang='lat' dir='ltr'>deerunt</span> <span class='ocrx_word' id='word_1_42' title='bbox 816 847 850 910; x_wconf 93' lang='lat' dir='ltr'>in</span> <span class='ocrx_word' id='word_1_43' title='bbox 866 847 976 930; x_wconf 89' lang='lat' dir='ltr'>aliquo</span> <span class='ocrx_word' id='word_1_44' title='bbox 992 849 1220 933; x_wconf 82' lang='lat' dir='ltr'>promissiones</span> 
     </span>
     <span class='ocr_line' id='line_1_6' title="bbox 94 959 217 1018; baseline -0.008 0"><span class='ocrx_word' id='word_1_45' title='bbox 94 959 217 1018; x_wconf 89' lang='lat' dir='ltr'>nostre.</span> 
     </span>
     <span class='ocr_line' id='line_1_7' title="bbox 202 1057 1223 1148; baseline 0.003 -21"><span class='ocrx_word' id='word_1_46' title='bbox 202 1057 363 1127; x_wconf 87' lang='lat' dir='ltr'>Volumus</span> <span class='ocrx_word' id='word_1_47' title='bbox 389 1060 496 1142; x_wconf 89' lang='lat' dir='ltr'>etiam,</span> <span class='ocrx_word' id='word_1_48' title='bbox 521 1063 558 1122; x_wconf 92' lang='lat' dir='ltr'>ut</span> <span class='ocrx_word' id='word_1_49' title='bbox 572 1061 659 1127; x_wconf 90' lang='lat' dir='ltr'>inter</span> <span class='ocrx_word' id='word_1_50' title='bbox 674 1061 871 1144; x_wconf 91' lang='lat' dir='ltr'>loquendum</span> <span class='ocrx_word' id='word_1_51' title='bbox 887 1065 1061 1148; x_wconf 86' lang='lat' dir='ltr'>Majestati</span> <span class='ocrx_word' id='word_1_52' title='bbox 1077 1065 1223 1148; x_wconf 90' lang='lat' dir='ltr'>predicte</span> 
     </span>
    </p>
   </div>
   <div class='ocr_carea' id='block_1_5' title="bbox 1 1169 1224 1253">
    <p class='ocr_par' dir='ltr' id='par_1_5' title="bbox 1 1169 1224 1253">
     <span class='ocr_line' id='line_1_8' title="bbox 1 1169 1224 1253; baseline 0.005 -22"><span class='ocrx_word' id='word_1_53' title='bbox 1 1209 2 1212; x_wconf 57' lang='lat'><em>=</em></span> <span class='ocrx_word' id='word_1_54' title='bbox 95 1169 262 1232; x_wconf 86' lang='lat' dir='ltr'>declarate</span> <span class='ocrx_word' id='word_1_55' title='bbox 287 1189 346 1232; x_wconf 90' lang='lat' dir='ltr'>nos</span> <span class='ocrx_word' id='word_1_56' title='bbox 371 1169 521 1233; x_wconf 90' lang='lat' dir='ltr'>continue</span> <span class='ocrx_word' id='word_1_57' title='bbox 547 1171 679 1252; x_wconf 90' lang='lat' dir='ltr'>operari</span> <span class='ocrx_word' id='word_1_58' title='bbox 695 1176 728 1233; x_wconf 91' lang='lat' dir='ltr'>et</span> <span class='ocrx_word' id='word_1_59' title='bbox 744 1171 831 1253; x_wconf 90' lang='lat' dir='ltr'>apud</span> <span class='ocrx_word' id='word_1_60' title='bbox 848 1170 1015 1237; x_wconf 84' lang='lat' dir='ltr'>Summum</span> <span class='ocrx_word' id='word_1_61' title='bbox 1032 1169 1224 1237; x_wconf 90' lang='lat' dir='ltr'>Pontificem</span> 
     </span>
    </p>
   </div>
   <div class='ocr_carea' id='block_1_6' title="bbox 1 1274 1225 1471">
    <p class='ocr_par' dir='ltr' id='par_1_6' title="bbox 1 1274 1225 1471">
     <span class='ocr_line' id='line_1_9' title="bbox 96 1274 1225 1362; baseline 0.004 -23"><span class='ocrx_word' id='word_1_62' title='bbox 96 1281 128 1339; x_wconf 90' lang='lat' dir='ltr'>et</span> <span class='ocrx_word' id='word_1_63' title='bbox 144 1275 227 1340; x_wconf 90' lang='lat' dir='ltr'>alios</span> <span class='ocrx_word' id='word_1_64' title='bbox 243 1274 411 1358; x_wconf 84' lang='lat' dir='ltr'>Principes</span> <span class='ocrx_word' id='word_1_65' title='bbox 436 1275 630 1340; x_wconf 86' lang='lat' dir='ltr'>christianos</span> <span class='ocrx_word' id='word_1_66' title='bbox 645 1299 706 1360; x_wconf 92' lang='lat' dir='ltr'>pro</span> <span class='ocrx_word' id='word_1_67' title='bbox 723 1278 867 1343; x_wconf 91' lang='lat' dir='ltr'>subsidio</span> <span class='ocrx_word' id='word_1_68' title='bbox 884 1279 1056 1362; x_wconf 87' lang='lat' dir='ltr'>Majestati</span> <span class='ocrx_word' id='word_1_69' title='bbox 1072 1279 1137 1345; x_wconf 83' lang='lat' dir='ltr'>Sue</span> <span class='ocrx_word' id='word_1_70' title='bbox 1153 1301 1225 1362; x_wconf 87' lang='lat' dir='ltr'>prc-</span> 
     </span>
     <span class='ocr_line' id='line_1_10' title="bbox 1 1383 1225 1471; baseline 0.006 -25"><span class='ocrx_word' id='word_1_71' title='bbox 1 1387 2 1392; x_wconf 75' lang='grc'>’</span> <span class='ocrx_word' id='word_1_72' title='bbox 96 1383 224 1466; x_wconf 89' lang='lat' dir='ltr'>stando,</span> <span class='ocrx_word' id='word_1_73' title='bbox 249 1405 352 1466; x_wconf 88' lang='lat' dir='ltr'>neque</span> <span class='ocrx_word' id='word_1_74' title='bbox 369 1403 427 1448; x_wconf 90' lang='lat' dir='ltr'>nos</span> <span class='ocrx_word' id='word_1_75' title='bbox 444 1383 613 1450; x_wconf 85' lang='lat' dir='ltr'>defuturos</span> <span class='ocrx_word' id='word_1_76' title='bbox 630 1407 710 1466; x_wconf 89' lang='lat' dir='ltr'>esse,</span> <span class='ocrx_word' id='word_1_77' title='bbox 727 1393 763 1451; x_wconf 92' lang='lat' dir='ltr'>ut</span> <span class='ocrx_word' id='word_1_78' title='bbox 779 1388 858 1470; x_wconf 87' lang='lat' dir='ltr'>quid</span> <span class='ocrx_word' id='word_1_79' title='bbox 873 1408 931 1470; x_wconf 90' lang='lat' dir='ltr'>per</span> <span class='ocrx_word' id='word_1_80' title='bbox 947 1409 1005 1452; x_wconf 92' lang='lat' dir='ltr'>nos</span> <span class='ocrx_word' id='word_1_81' title='bbox 1022 1387 1093 1453; x_wconf 93' lang='lat' dir='ltr'>fieri</span> <span class='ocrx_word' id='word_1_82' title='bbox 1108 1395 1225 1471; x_wconf 87' lang='lat' dir='ltr'>potest,</span> 
     </span>
    </p>
   </div>
   <div class='ocr_carea' id='block_1_7' title="bbox 1 1492 1226 1579">
    <p class='ocr_par' dir='ltr' id='par_1_7' title="bbox 1 1492 1226 1579">
     <span class='ocr_line' id='line_1_11' title="bbox 1 1492 1226 1579; baseline 0.003 -23"><span class='ocrx_word' id='word_1_83' title='bbox 1 1503 2 1527; x_wconf 81' lang='lat'>³</span> <span class='ocrx_word' id='word_1_84' title='bbox 96 1492 200 1556; x_wconf 91' lang='lat' dir='ltr'>omnis</span> <span class='ocrx_word' id='word_1_85' title='bbox 225 1492 391 1574; x_wconf 90' lang='lat' dir='ltr'>possibilis</span> <span class='ocrx_word' id='word_1_86' title='bbox 417 1492 509 1557; x_wconf 84' lang='lat' dir='ltr'>favor</span> <span class='ocrx_word' id='word_1_87' title='bbox 533 1493 622 1557; x_wconf 88' lang='lat' dir='ltr'>ultra</span> <span class='ocrx_word' id='word_1_88' title='bbox 647 1494 827 1576; x_wconf 82' lang='lat' dir='ltr'>predictam</span> <span class='ocrx_word' id='word_1_89' title='bbox 853 1514 1019 1576; x_wconf 91' lang='lat' dir='ltr'>summam,</span> <span class='ocrx_word' id='word_1_90' title='bbox 1045 1519 1143 1579; x_wconf 91' lang='lat' dir='ltr'>quam</span> <span class='ocrx_word' id='word_1_91' title='bbox 1168 1519 1226 1560; x_wconf 88' lang='lat' dir='ltr'>nos</span> 
     </span>
    </p>
   </div>
   <div class='ocr_carea' id='block_1_8' title="bbox 1 1598 1224 1688">
    <p class='ocr_par' dir='ltr' id='par_1_8' title="bbox 1 1598 1224 1688">
     <span class='ocr_line' id='line_1_12' title="bbox 1 1598 1224 1688; baseline 0.007 -26"><span class='ocrx_word' id='word_1_92' title='bbox 1 1655 2 1662; x_wconf 71' lang='grc'>,</span> <span class='ocrx_word' id='word_1_93' title='bbox 96 1601 156 1664; x_wconf 91' lang='lat' dir='ltr'>soli</span> <span class='ocrx_word' id='word_1_94' title='bbox 173 1598 348 1682; x_wconf 87' lang='lat' dir='ltr'>offerimus,</span> <span class='ocrx_word' id='word_1_95' title='bbox 364 1600 467 1666; x_wconf 89' lang='lat' dir='ltr'>eidem</span> <span class='ocrx_word' id='word_1_96' title='bbox 483 1607 658 1684; x_wconf 78' lang='lat' dir='ltr'>prestetur,</span> <span class='ocrx_word' id='word_1_97' title='bbox 672 1606 709 1666; x_wconf 93' lang='lat' dir='ltr'>ut</span> <span class='ocrx_word' id='word_1_98' title='bbox 726 1626 798 1667; x_wconf 90' lang='lat' dir='ltr'>cum</span> <span class='ocrx_word' id='word_1_99' title='bbox 807 1605 924 1688; x_wconf 89' lang='lat' dir='ltr'>majori</span> <span class='ocrx_word' id='word_1_100' title='bbox 935 1627 1069 1670; x_wconf 88' lang='lat' dir='ltr'>numero</span> <span class='ocrx_word' id='word_1_101' title='bbox 1079 1605 1224 1687; x_wconf 82' lang='lat' dir='ltr'>gentium</span> 
     </span>
    </p>
   </div>
   <div class='ocr_carea' id='block_1_9' title="bbox 1 1707 1028 1795">
    <p class='ocr_par' dir='ltr' id='par_1_9' title="bbox 1 1707 1028 1795">
     <span class='ocr_line' id='line_1_13' title="bbox 1 1707 1028 1795; baseline 0.008 -27"><span class='ocrx_word' id='word_1_102' title='bbox 1 1753 2 1768; x_wconf 55' lang='lat'>2</span> <span class='ocrx_word' id='word_1_103' title='bbox 96 1707 237 1772; x_wconf 83' lang='lat' dir='ltr'>validius</span> <span class='ocrx_word' id='word_1_104' title='bbox 254 1712 288 1772; x_wconf 89' lang='lat' dir='ltr'>et</span> <span class='ocrx_word' id='word_1_105' title='bbox 303 1707 469 1773; x_wconf 84' lang='lat' dir='ltr'>robustius</span> <span class='ocrx_word' id='word_1_106' title='bbox 487 1711 574 1775; x_wconf 87' lang='lat' dir='ltr'>exire</span> <span class='ocrx_word' id='word_1_107' title='bbox 589 1717 623 1774; x_wconf 89' lang='lat' dir='ltr'>et</span> <span class='ocrx_word' id='word_1_108' title='bbox 640 1731 673 1775; x_wconf 87' lang='lat' dir='ltr'>se</span> <span class='ocrx_word' id='word_1_109' title='bbox 688 1718 901 1776; x_wconf 90' lang='lat' dir='ltr'>manutenere</span> <span class='ocrx_word' id='word_1_110' title='bbox 917 1714 1028 1795; x_wconf 90' lang='lat' dir='ltr'>possit.</span> 
     </span>
    </p>
   </div>
   <div class='ocr_carea' id='block_1_10' title="bbox 1 1815 1229 2336">
    <p class='ocr_par' dir='ltr' id='par_1_10' title="bbox 1 1815 1229 2336">
     <span class='ocr_line' id='line_1_14' title="bbox 1 1815 1228 1902; baseline 0.006 -23"><span class='ocrx_word' id='word_1_111' title='bbox 1 1899 2 1902; x_wconf 8' lang='grc' dir='ltr'><strong>Ἴ</strong></span> <span class='ocrx_word' id='word_1_112' title='bbox 205 1815 354 1896; x_wconf 83' lang='lat' dir='ltr'>Domum,</span> <span class='ocrx_word' id='word_1_113' title='bbox 379 1818 540 1898; x_wconf 90' lang='lat' dir='ltr'>quomodo</span> <span class='ocrx_word' id='word_1_114' title='bbox 565 1840 617 1882; x_wconf 86' lang='lat' dir='ltr'>res</span> <span class='ocrx_word' id='word_1_115' title='bbox 642 1818 703 1883; x_wconf 90' lang='lat' dir='ltr'>hec</span> <span class='ocrx_word' id='word_1_116' title='bbox 727 1820 820 1884; x_wconf 91' lang='lat' dir='ltr'>uobis</span> <span class='ocrx_word' id='word_1_117' title='bbox 845 1823 984 1885; x_wconf 84' lang='lat' dir='ltr'>maxime</span> <span class='ocrx_word' id='word_1_118' title='bbox 1001 1820 1091 1885; x_wconf 93' lang='lat' dir='ltr'>cordi</span> <span class='ocrx_word' id='word_1_119' title='bbox 1107 1826 1165 1902; x_wconf 90' lang='lat' dir='ltr'>est,</span> <span class='ocrx_word' id='word_1_120' title='bbox 1192 1827 1228 1886; x_wconf 91' lang='lat' dir='ltr'>ut</span> 
     </span>
     <span class='ocr_line' id='line_1_15' title="bbox 1 1921 1228 2011; baseline 0.002 -24"><span class='ocrx_word' id='word_1_121' title='bbox 1 1921 2 1995; x_wconf 54' lang='grc' dir='ltr'><strong>ἐ</strong></span> <span class='ocrx_word' id='word_1_122' title='bbox 97 1943 296 2006; x_wconf 89' lang='lat' dir='ltr'>quamquam</span> <span class='ocrx_word' id='word_1_123' title='bbox 313 1923 524 2006; x_wconf 83' lang='lat' dir='ltr'>singulariter</span> <span class='ocrx_word' id='word_1_124' title='bbox 542 1927 763 1992; x_wconf 86' lang='lat' dir='ltr'>existimamus</span> <span class='ocrx_word' id='word_1_125' title='bbox 780 1927 821 1991; x_wconf 94' lang='lat' dir='ltr'>ob</span> <span class='ocrx_word' id='word_1_126' title='bbox 838 1928 907 2010; x_wconf 88' lang='lat' dir='ltr'>ejus</span> <span class='ocrx_word' id='word_1_127' title='bbox 924 1928 1049 2011; x_wconf 88' lang='lat' dir='ltr'>pondus</span> <span class='ocrx_word' id='word_1_128' title='bbox 1067 1935 1100 1992; x_wconf 90' lang='lat' dir='ltr'>et</span> <span class='ocrx_word' id='word_1_129' title='bbox 1109 1929 1228 2010; x_wconf 91' lang='lat' dir='ltr'>impor-</span> 
     </span>
     <span class='ocr_line' id='line_1_16' title="bbox 1 2023 1228 2118; baseline 0.003 -23"><span class='ocrx_word' id='word_1_130' title='bbox 1 2023 2 2028; x_wconf 43' lang='lat'>&#39;</span> <span class='ocrx_word' id='word_1_131' title='bbox 98 2033 237 2098; x_wconf 89' lang='lat' dir='ltr'>tantiam</span> <span class='ocrx_word' id='word_1_132' title='bbox 269 2030 312 2095; x_wconf 90' lang='lat' dir='ltr'>ad</span> <span class='ocrx_word' id='word_1_133' title='bbox 342 2033 510 2097; x_wconf 91' lang='lat' dir='ltr'>universas</span> <span class='ocrx_word' id='word_1_134' title='bbox 542 2055 594 2098; x_wconf 91' lang='lat' dir='ltr'>res</span> <span class='ocrx_word' id='word_1_135' title='bbox 620 2035 878 2114; x_wconf 88' lang='lat' dir='ltr'>christianorum,</span> <span class='ocrx_word' id='word_1_136' title='bbox 917 2042 949 2099; x_wconf 90' lang='lat' dir='ltr'>et</span> <span class='ocrx_word' id='word_1_137' title='bbox 975 2036 1058 2099; x_wconf 88' lang='lat' dir='ltr'>sicut</span> <span class='ocrx_word' id='word_1_138' title='bbox 1083 2037 1228 2118; x_wconf 89' lang='lat' dir='ltr'>prompti</span> 
     </span>
     <span class='ocr_line' id='line_1_17' title="bbox 97 2140 1229 2223; baseline 0.001 -17.922"><span class='ocrx_word' id='word_1_139' title='bbox 97 2162 211 2205; x_wconf 90' lang='lat' dir='ltr'>sumus</span> <span class='ocrx_word' id='word_1_140' title='bbox 227 2140 269 2204; x_wconf 92' lang='lat' dir='ltr'>ad</span> <span class='ocrx_word' id='word_1_141' title='bbox 284 2144 412 2203; x_wconf 88' lang='lat' dir='ltr'>tantam</span> <span class='ocrx_word' id='word_1_142' title='bbox 429 2141 615 2223; x_wconf 90' lang='lat' dir='ltr'>impresiam</span> <span class='ocrx_word' id='word_1_143' title='bbox 632 2143 846 2208; x_wconf 90' lang='lat' dir='ltr'>subeundam:</span> <span class='ocrx_word' id='word_1_144' title='bbox 862 2144 909 2207; x_wconf 91' lang='lat' dir='ltr'>ita</span> <span class='ocrx_word' id='word_1_145' title='bbox 927 2144 1132 2207; x_wconf 87' lang='lat' dir='ltr'>vehementer</span> <span class='ocrx_word' id='word_1_146' title='bbox 1148 2144 1229 2207; x_wconf 89' lang='lat' dir='ltr'>desi·</span> 
     </span>
     <span class='ocr_line' id='line_1_18' title="bbox 97 2247 1229 2336; baseline 0.002 -25.765"><span class='ocrx_word' id='word_1_147' title='bbox 97 2247 259 2331; x_wconf 91' lang='lat' dir='ltr'>deramus,</span> <span class='ocrx_word' id='word_1_148' title='bbox 285 2255 322 2313; x_wconf 92' lang='lat' dir='ltr'>ut</span> <span class='ocrx_word' id='word_1_149' title='bbox 346 2250 471 2314; x_wconf 86' lang='lat' dir='ltr'>fructus</span> <span class='ocrx_word' id='word_1_150' title='bbox 496 2273 534 2314; x_wconf 85' lang='lat' dir='ltr'>ex</span> <span class='ocrx_word' id='word_1_151' title='bbox 559 2273 598 2316; x_wconf 88' lang='lat' dir='ltr'>ea</span> <span class='ocrx_word' id='word_1_152' title='bbox 613 2254 804 2316; x_wconf 88' lang='lat' dir='ltr'>conveniens</span> <span class='ocrx_word' id='word_1_153' title='bbox 820 2254 972 2336; x_wconf 83' lang='lat' dir='ltr'>consequi</span> <span class='ocrx_word' id='word_1_154' title='bbox 988 2251 1100 2334; x_wconf 89' lang='lat' dir='ltr'>possit.</span> <span class='ocrx_word' id='word_1_155' title='bbox 1124 2250 1229 2318; x_wconf 90' lang='lat' dir='ltr'>Vobis</span> 
     </span>
    </p>
   </div>
   <div class='ocr_carea' id='block_1_11' title="bbox 1 2357 1230 2660">
    <p class='ocr_par' dir='ltr' id='par_1_11' title="bbox 1 2357 1230 2660">
     <span class='ocr_line' id='line_1_19' title="bbox 1 2357 1229 2442; baseline 0.001 -22"><span class='ocrx_word' id='word_1_156' title='bbox 1 2395 2 2427; x_wconf 61' lang='lat'>2</span> <span class='ocrx_word' id='word_1_157' title='bbox 98 2357 276 2422; x_wconf 85' lang='lat' dir='ltr'>efficaciter</span> <span class='ocrx_word' id='word_1_158' title='bbox 293 2359 533 2441; x_wconf 85' lang='lat' dir='ltr'>committimus,</span> <span class='ocrx_word' id='word_1_159' title='bbox 560 2367 597 2423; x_wconf 91' lang='lat' dir='ltr'>ut</span> <span class='ocrx_word' id='word_1_160' title='bbox 614 2359 700 2424; x_wconf 92' lang='lat' dir='ltr'>omni</span> <span class='ocrx_word' id='word_1_161' title='bbox 717 2361 863 2426; x_wconf 91' lang='lat' dir='ltr'>adhibito</span> <span class='ocrx_word' id='word_1_162' title='bbox 881 2360 997 2442; x_wconf 91' lang='lat' dir='ltr'>studi0,</span> <span class='ocrx_word' id='word_1_163' title='bbox 1015 2382 1093 2425; x_wconf 91' lang='lat' dir='ltr'>cura</span> <span class='ocrx_word' id='word_1_164' title='bbox 1109 2364 1142 2423; x_wconf 92' lang='lat' dir='ltr'>et</span> <span class='ocrx_word' id='word_1_165' title='bbox 1158 2359 1229 2422; x_wconf 92' lang='lat' dir='ltr'>dili·</span> 
     </span>
     <span class='ocr_line' id='line_1_20' title="bbox 1 2466 1230 2552; baseline 0.001 -23"><span class='ocrx_word' id='word_1_166' title='bbox 1 2491 2 2500; x_wconf 51' lang='lat'><em>*</em></span> <span class='ocrx_word' id='word_1_167' title='bbox 101 2467 222 2548; x_wconf 85' lang='lat' dir='ltr'>gentia,</span> <span class='ocrx_word' id='word_1_168' title='bbox 247 2467 433 2550; x_wconf 84' lang='lat' dir='ltr'>intelligere</span> <span class='ocrx_word' id='word_1_169' title='bbox 448 2468 627 2550; x_wconf 85' lang='lat' dir='ltr'>procuretis</span> <span class='ocrx_word' id='word_1_170' title='bbox 644 2489 756 2533; x_wconf 89' lang='lat' dir='ltr'>verum</span> <span class='ocrx_word' id='word_1_171' title='bbox 771 2490 939 2533; x_wconf 91' lang='lat' dir='ltr'>numerum</span> <span class='ocrx_word' id='word_1_172' title='bbox 956 2466 1110 2552; x_wconf 84' lang='lat' dir='ltr'>gentium,</span> <span class='ocrx_word' id='word_1_173' title='bbox 1135 2488 1230 2549; x_wconf 89' lang='lat' dir='ltr'>quem</span> 
     </span>
     <span class='ocr_line' id='line_1_21' title="bbox 1 2574 1230 2660; baseline 0.001 -24"><span class='ocrx_word' id='word_1_174' title='bbox 1 2581 2 2636; x_wconf 58' lang='grc' dir='ltr'><strong>Ὺ</strong></span> <span class='ocrx_word' id='word_1_175' title='bbox 100 2574 260 2656; x_wconf 83' lang='lat' dir='ltr'>Majestas</span> <span class='ocrx_word' id='word_1_176' title='bbox 282 2576 353 2658; x_wconf 92' lang='lat' dir='ltr'>ipsa</span> <span class='ocrx_word' id='word_1_177' title='bbox 370 2576 562 2641; x_wconf 86' lang='lat' dir='ltr'>coadunatis</span> <span class='ocrx_word' id='word_1_178' title='bbox 579 2576 702 2640; x_wconf 90' lang='lat' dir='ltr'>viribus</span> <span class='ocrx_word' id='word_1_179' title='bbox 721 2578 796 2657; x_wconf 92' lang='lat' dir='ltr'>suis,</span> <span class='ocrx_word' id='word_1_180' title='bbox 821 2583 856 2642; x_wconf 87' lang='lat' dir='ltr'>et</span> <span class='ocrx_word' id='word_1_181' title='bbox 872 2575 1081 2660; x_wconf 88' lang='lat' dir='ltr'>superaddito</span> <span class='ocrx_word' id='word_1_182' title='bbox 1098 2574 1159 2639; x_wconf 94' lang='lat' dir='ltr'>hoc</span> <span class='ocrx_word' id='word_1_183' title='bbox 1174 2597 1230 2638; x_wconf 90' lang='lat' dir='ltr'>nu·</span> 
     </span>
    </p>
   </div>
   <div class='ocr_carea' id='block_1_12' title="bbox 1 2674 1233 3094">
    <p class='ocr_par' dir='ltr' id='par_1_12' title="bbox 1 2674 1233 3094">
     <span class='ocr_line' id='line_1_22' title="bbox 1 2674 1233 2768; baseline -0.001 -19"><span class='ocrx_word' id='word_1_184' title='bbox 1 2674 2 2749; x_wconf 79' lang='lat'>}</span> <span class='ocrx_word' id='word_1_185' title='bbox 102 2703 190 2747; x_wconf 89' lang='lat' dir='ltr'>mero</span> <span class='ocrx_word' id='word_1_186' title='bbox 218 2682 417 2748; x_wconf 89' lang='lat' dir='ltr'>adminiculo</span> <span class='ocrx_word' id='word_1_187' title='bbox 434 2685 530 2748; x_wconf 90' lang='lat' dir='ltr'>simul</span> <span class='ocrx_word' id='word_1_188' title='bbox 546 2705 666 2767; x_wconf 88' lang='lat' dir='ltr'>ponere</span> <span class='ocrx_word' id='word_1_189' title='bbox 682 2692 716 2750; x_wconf 90' lang='lat' dir='ltr'>et</span> <span class='ocrx_word' id='word_1_190' title='bbox 731 2687 765 2748; x_wconf 91' lang='lat' dir='ltr'>iu</span> <span class='ocrx_word' id='word_1_191' title='bbox 782 2690 891 2752; x_wconf 89' lang='lat' dir='ltr'>castra</span> <span class='ocrx_word' id='word_1_192' title='bbox 906 2684 1041 2750; x_wconf 88' lang='lat' dir='ltr'>educere</span> <span class='ocrx_word' id='word_1_193' title='bbox 1057 2690 1174 2768; x_wconf 91' lang='lat' dir='ltr'>posset,</span> <span class='ocrx_word' id='word_1_194' title='bbox 1200 2690 1233 2748; x_wconf 89' lang='lat' dir='ltr'>et</span> 
     </span>
     <span class='ocr_line' id='line_1_23' title="bbox 102 2789 1232 2876; baseline 0.002 -22.836"><span class='ocrx_word' id='word_1_195' title='bbox 102 2789 143 2854; x_wconf 91' lang='lat' dir='ltr'>ad</span> <span class='ocrx_word' id='word_1_196' title='bbox 170 2791 258 2872; x_wconf 93' lang='lat' dir='ltr'>quod</span> <span class='ocrx_word' id='word_1_197' title='bbox 273 2796 411 2874; x_wconf 88' lang='lat' dir='ltr'>tempus,</span> <span class='ocrx_word' id='word_1_198' title='bbox 438 2798 660 2874; x_wconf 90' lang='lat' dir='ltr'>quantumque</span> <span class='ocrx_word' id='word_1_199' title='bbox 675 2793 750 2858; x_wconf 91' lang='lat' dir='ltr'>illas</span> <span class='ocrx_word' id='word_1_200' title='bbox 767 2799 877 2858; x_wconf 83' lang='lat' dir='ltr'>tenere</span> <span class='ocrx_word' id='word_1_201' title='bbox 893 2801 986 2858; x_wconf 88' lang='lat' dir='ltr'>extra</span> <span class='ocrx_word' id='word_1_202' title='bbox 1001 2797 1119 2876; x_wconf 90' lang='lat' dir='ltr'>posset.</span> <span class='ocrx_word' id='word_1_203' title='bbox 1143 2790 1188 2856; x_wconf 82' lang='lat' dir='ltr'>Et</span> <span class='ocrx_word' id='word_1_204' title='bbox 1205 2791 1232 2856; x_wconf 92' lang='lat' dir='ltr'>si</span> 
     </span>
     <span class='ocr_line' id='line_1_24' title="bbox 102 2899 1233 2985; baseline 0.002 -23.836"><span class='ocrx_word' id='word_1_205' title='bbox 102 2899 244 2980; x_wconf 88' lang='lat' dir='ltr'>creditis,</span> <span class='ocrx_word' id='word_1_206' title='bbox 261 2899 435 2981; x_wconf 92' lang='lat' dir='ltr'>quodcum</span> <span class='ocrx_word' id='word_1_207' title='bbox 452 2900 502 2965; x_wconf 92' lang='lat' dir='ltr'>his</span> <span class='ocrx_word' id='word_1_208' title='bbox 514 2901 668 2985; x_wconf 87' lang='lat' dir='ltr'>denarijs,</span> <span class='ocrx_word' id='word_1_209' title='bbox 686 2923 766 2983; x_wconf 92' lang='lat' dir='ltr'>quos</span> <span class='ocrx_word' id='word_1_210' title='bbox 776 2901 949 2982; x_wconf 87' lang='lat' dir='ltr'>offerimus,</span> <span class='ocrx_word' id='word_1_211' title='bbox 966 2902 1055 2966; x_wconf 90' lang='lat' dir='ltr'>ultra</span> <span class='ocrx_word' id='word_1_212' title='bbox 1064 2921 1233 2965; x_wconf 91' lang='lat' dir='ltr'>numerum</span> 
     </span>
     <span class='ocr_line' id='line_1_25' title="bbox 103 3006 1233 3094; baseline 0 -22"><span class='ocrx_word' id='word_1_213' title='bbox 103 3007 392 3090; x_wconf 89' lang='lat' dir='ltr'>stipendiariorum</span> <span class='ocrx_word' id='word_1_214' title='bbox 416 3012 508 3093; x_wconf 83' lang='lat' dir='ltr'>regni</span> <span class='ocrx_word' id='word_1_215' title='bbox 534 3012 584 3075; x_wconf 93' lang='lat' dir='ltr'>sui</span> <span class='ocrx_word' id='word_1_216' title='bbox 610 3010 704 3075; x_wconf 79' lang='lat' dir='ltr'>XIX</span> <span class='ocrx_word' id='word_1_217' title='bbox 730 3012 846 3076; x_wconf 78' lang='lat' dir='ltr'>muel</span> <span class='ocrx_word' id='word_1_218' title='bbox 872 3013 967 3091; x_wconf 88' lang='lat' dir='ltr'>circa,</span> <span class='ocrx_word' id='word_1_219' title='bbox 992 3010 1150 3094; x_wconf 89' lang='lat' dir='ltr'>Majestas</span> <span class='ocrx_word' id='word_1_220' title='bbox 1166 3006 1233 3073; x_wconf 84' lang='lat' dir='ltr'>Sua</span> 
     </span>
    </p>
   </div>
   <div class='ocr_carea' id='block_1_13' title="bbox 1 3115 1234 3311">
    <p class='ocr_par' dir='ltr' id='par_1_13' title="bbox 1 3115 1234 3311">
     <span class='ocr_line' id='line_1_26' title="bbox 1 3115 1233 3202; baseline 0 -22"><span class='ocrx_word' id='word_1_221' title='bbox 1 3129 2 3180; x_wconf 80' lang='lat' dir='ltr'>l</span> <span class='ocrx_word' id='word_1_222' title='bbox 105 3115 185 3180; x_wconf 91' lang='lat' dir='ltr'>alios</span> <span class='ocrx_word' id='word_1_223' title='bbox 201 3116 431 3198; x_wconf 89' lang='lat' dir='ltr'>stipendiarios</span> <span class='ocrx_word' id='word_1_224' title='bbox 447 3121 634 3202; x_wconf 86' lang='lat' dir='ltr'>peregrinos</span> <span class='ocrx_word' id='word_1_225' title='bbox 651 3117 808 3184; x_wconf 90' lang='lat' dir='ltr'>conducet</span> <span class='ocrx_word' id='word_1_226' title='bbox 825 3119 916 3184; x_wconf 91' lang='lat' dir='ltr'>etad</span> <span class='ocrx_word' id='word_1_227' title='bbox 933 3141 1029 3202; x_wconf 90' lang='lat' dir='ltr'>quem</span> <span class='ocrx_word' id='word_1_228' title='bbox 1045 3139 1233 3196; x_wconf 88' lang='lat' dir='ltr'>numerum;</span> 
     </span>
     <span class='ocr_line' id='line_1_27' title="bbox 1 3223 1234 3311; baseline 0.003 -25"><span class='ocrx_word' id='word_1_229' title='bbox 1 3223 2 3286; x_wconf 81' lang='lat' dir='ltr'>l</span> <span class='ocrx_word' id='word_1_230' title='bbox 104 3225 181 3288; x_wconf 88' lang='lat' dir='ltr'>item</span> <span class='ocrx_word' id='word_1_231' title='bbox 205 3225 361 3290; x_wconf 88' lang='lat' dir='ltr'>introitus</span> <span class='ocrx_word' id='word_1_232' title='bbox 386 3248 497 3292; x_wconf 86' lang='lat' dir='ltr'>omnes</span> <span class='ocrx_word' id='word_1_233' title='bbox 523 3226 713 3311; x_wconf 89' lang='lat' dir='ltr'>Majcstatis</span> <span class='ocrx_word' id='word_1_234' title='bbox 738 3227 886 3310; x_wconf 88' lang='lat' dir='ltr'>predicte</span> <span class='ocrx_word' id='word_1_235' title='bbox 911 3233 1024 3292; x_wconf 84' lang='lat' dir='ltr'>exacte</span> <span class='ocrx_word' id='word_1_236' title='bbox 1049 3226 1234 3308; x_wconf 85' lang='lat' dir='ltr'>intelligere</span> 
     </span>
    </p>
   </div>
   <div class='ocr_carea' id='block_1_14' title="bbox 2 3335 1239 4482">
    <p class='ocr_par' dir='ltr' id='par_1_14' title="bbox 2 3335 1239 4482">
     <span class='ocr_line' id='line_1_28' title="bbox 105 3335 1235 3418; baseline 0.001 -22"><span class='ocrx_word' id='word_1_237' title='bbox 105 3339 287 3415; x_wconf 88' lang='lat' dir='ltr'>procurate,</span> <span class='ocrx_word' id='word_1_238' title='bbox 312 3339 345 3398; x_wconf 89' lang='lat' dir='ltr'>et</span> <span class='ocrx_word' id='word_1_239' title='bbox 365 3335 478 3399; x_wconf 89' lang='lat' dir='ltr'>modos</span> <span class='ocrx_word' id='word_1_240' title='bbox 496 3341 529 3399; x_wconf 88' lang='lat' dir='ltr'>et</span> <span class='ocrx_word' id='word_1_241' title='bbox 544 3337 623 3414; x_wconf 88' lang='lat' dir='ltr'>vias,</span> <span class='ocrx_word' id='word_1_242' title='bbox 649 3335 765 3418; x_wconf 91' lang='lat' dir='ltr'>quibus</span> <span class='ocrx_word' id='word_1_243' title='bbox 782 3335 908 3400; x_wconf 80' lang='lat' dir='ltr'>Turcus</span> <span class='ocrx_word' id='word_1_244' title='bbox 925 3336 1147 3400; x_wconf 88' lang='lat' dir='ltr'>vehementius</span> <span class='ocrx_word' id='word_1_245' title='bbox 1163 3355 1235 3417; x_wconf 91' lang='lat' dir='ltr'>pre·</span> 
     </span>
     <span class='ocr_line' id='line_1_29' title="bbox 106 3439 1235 3525; baseline 0.001 -21"><span class='ocrx_word' id='word_1_246' title='bbox 106 3443 148 3504; x_wconf 91' lang='lat' dir='ltr'>mi</span> <span class='ocrx_word' id='word_1_247' title='bbox 164 3447 197 3505; x_wconf 93' lang='lat' dir='ltr'>et</span> <span class='ocrx_word' id='word_1_248' title='bbox 213 3439 333 3506; x_wconf 85' lang='lat' dir='ltr'>offendi</span> <span class='ocrx_word' id='word_1_249' title='bbox 349 3448 468 3524; x_wconf 90' lang='lat' dir='ltr'>posset,</span> <span class='ocrx_word' id='word_1_250' title='bbox 485 3447 518 3506; x_wconf 89' lang='lat' dir='ltr'>et</span> <span class='ocrx_word' id='word_1_251' title='bbox 533 3442 674 3507; x_wconf 88' lang='lat' dir='ltr'>breviter</span> <span class='ocrx_word' id='word_1_252' title='bbox 691 3445 808 3524; x_wconf 91' lang='lat' dir='ltr'>omnia,</span> <span class='ocrx_word' id='word_1_253' title='bbox 826 3465 889 3525; x_wconf 90' lang='lat' dir='ltr'>que</span> <span class='ocrx_word' id='word_1_254' title='bbox 906 3444 948 3508; x_wconf 92' lang='lat' dir='ltr'>ad</span> <span class='ocrx_word' id='word_1_255' title='bbox 963 3445 1048 3508; x_wconf 88' lang='lat' dir='ltr'>hauc</span> <span class='ocrx_word' id='word_1_256' title='bbox 1064 3443 1235 3508; x_wconf 80' lang='lat' dir='ltr'>materiam</span> 
     </span>
     <span class='ocr_line' id='line_1_30' title="bbox 106 3549 1235 3634; baseline 0.004 -21"><span class='ocrx_word' id='word_1_257' title='bbox 106 3549 331 3632; x_wconf 89' lang='lat' dir='ltr'>quoquomodo</span> <span class='ocrx_word' id='word_1_258' title='bbox 346 3551 510 3632; x_wconf 86' lang='lat' dir='ltr'>pertinere</span> <span class='ocrx_word' id='word_1_259' title='bbox 526 3572 620 3634; x_wconf 89' lang='lat' dir='ltr'>posse</span> <span class='ocrx_word' id='word_1_260' title='bbox 636 3551 872 3632; x_wconf 81' lang='lat' dir='ltr'>intellexeritis,</span> <span class='ocrx_word' id='word_1_261' title='bbox 889 3554 1011 3617; x_wconf 88' lang='lat' dir='ltr'>minute</span> <span class='ocrx_word' id='word_1_262' title='bbox 1029 3558 1062 3617; x_wconf 91' lang='lat' dir='ltr'>et</span> <span class='ocrx_word' id='word_1_263' title='bbox 1083 3551 1235 3618; x_wconf 83' lang='lat' dir='ltr'>distincte</span> 
     </span>
     <span class='ocr_line' id='line_1_31' title="bbox 107 3655 1237 3742; baseline 0.005 -23"><span class='ocrx_word' id='word_1_264' title='bbox 107 3655 286 3739; x_wconf 89' lang='lat' dir='ltr'>disquirite,</span> <span class='ocrx_word' id='word_1_265' title='bbox 312 3658 505 3723; x_wconf 80' lang='lat' dir='ltr'>conferendo</span> <span class='ocrx_word' id='word_1_266' title='bbox 532 3659 685 3724; x_wconf 92' lang='lat' dir='ltr'>cumillis</span> <span class='ocrx_word' id='word_1_267' title='bbox 703 3681 743 3724; x_wconf 83' lang='lat' dir='ltr'>ex</span> <span class='ocrx_word' id='word_1_268' title='bbox 759 3659 960 3724; x_wconf 87' lang='lat' dir='ltr'>Reverendis</span> <span class='ocrx_word' id='word_1_269' title='bbox 976 3658 1126 3724; x_wconf 91' lang='lat' dir='ltr'>Dominis</span> <span class='ocrx_word' id='word_1_270' title='bbox 1141 3658 1237 3742; x_wconf 84' lang='lat' dir='ltr'>Epis·</span> 
     </span>
     <span class='ocr_line' id='line_1_32' title="bbox 107 3759 1236 3849; baseline 0.002 -21"><span class='ocrx_word' id='word_1_271' title='bbox 107 3767 202 3847; x_wconf 88' lang='lat' dir='ltr'>copis,</span> <span class='ocrx_word' id='word_1_272' title='bbox 229 3759 362 3849; x_wconf 57' lang='lat' dir='ltr'>et&#39;alijs,</span> <span class='ocrx_word' id='word_1_273' title='bbox 389 3767 445 3849; x_wconf 89' lang='lat' dir='ltr'>qui</span> <span class='ocrx_word' id='word_1_274' title='bbox 462 3767 551 3833; x_wconf 92' lang='lat' dir='ltr'>vobis</span> <span class='ocrx_word' id='word_1_275' title='bbox 569 3767 629 3830; x_wconf 89' lang='lat' dir='ltr'>visi</span> <span class='ocrx_word' id='word_1_276' title='bbox 646 3765 776 3848; x_wconf 89' lang='lat' dir='ltr'>suerint,</span> <span class='ocrx_word' id='word_1_277' title='bbox 793 3772 830 3831; x_wconf 93' lang='lat' dir='ltr'>ut</span> <span class='ocrx_word' id='word_1_278' title='bbox 846 3789 918 3830; x_wconf 90' lang='lat' dir='ltr'>cum</span> <span class='ocrx_word' id='word_1_279' title='bbox 934 3769 1081 3845; x_wconf 87' lang='lat' dir='ltr'>veritate,</span> <span class='ocrx_word' id='word_1_280' title='bbox 1097 3787 1236 3849; x_wconf 89' lang='lat' dir='ltr'>quecun-</span> 
     </span>
     <span class='ocr_line' id='line_1_33' title="bbox 107 3873 1235 3958; baseline 0.002 -22"><span class='ocrx_word' id='word_1_281' title='bbox 107 3894 167 3954; x_wconf 90' lang='lat' dir='ltr'>que</span> <span class='ocrx_word' id='word_1_282' title='bbox 194 3875 277 3940; x_wconf 92' lang='lat' dir='ltr'>scire</span> <span class='ocrx_word' id='word_1_283' title='bbox 303 3873 442 3956; x_wconf 91' lang='lat' dir='ltr'>possitis,</span> <span class='ocrx_word' id='word_1_284' title='bbox 469 3881 501 3940; x_wconf 91' lang='lat' dir='ltr'>et</span> <span class='ocrx_word' id='word_1_285' title='bbox 526 3875 619 3939; x_wconf 91' lang='lat' dir='ltr'>nobis</span> <span class='ocrx_word' id='word_1_286' title='bbox 636 3881 760 3958; x_wconf 89' lang='lat' dir='ltr'>quanto</span> <span class='ocrx_word' id='word_1_287' title='bbox 776 3875 983 3940; x_wconf 84' lang='lat' dir='ltr'>festinantius</span> <span class='ocrx_word' id='word_1_288' title='bbox 999 3876 1146 3958; x_wconf 88' lang='lat' dir='ltr'>potestis,</span> <span class='ocrx_word' id='word_1_289' title='bbox 1171 3895 1235 3939; x_wconf 87' lang='lat' dir='ltr'>res·</span> 
     </span>
     <span class='ocr_line' id='line_1_34' title="bbox 2 3979 1237 4076; baseline 0.002 -32"><span class='ocrx_word' id='word_1_290' title='bbox 2 4022 3 4076; x_wconf 35' lang='grc' dir='ltr'>ἒ</span> <span class='ocrx_word' id='word_1_291' title='bbox 106 3980 256 4062; x_wconf 87' lang='lat' dir='ltr'>pondete,</span> <span class='ocrx_word' id='word_1_292' title='bbox 282 3979 422 4063; x_wconf 83' lang='lat' dir='ltr'>datoque</span> <span class='ocrx_word' id='word_1_293' title='bbox 448 3981 487 4047; x_wconf 90' lang='lat' dir='ltr'>de</span> <span class='ocrx_word' id='word_1_294' title='bbox 504 3983 652 4048; x_wconf 90' lang='lat' dir='ltr'>omnibus</span> <span class='ocrx_word' id='word_1_295' title='bbox 668 3983 715 4046; x_wconf 91' lang='lat' dir='ltr'>ita</span> <span class='ocrx_word' id='word_1_296' title='bbox 732 3981 930 4064; x_wconf 86' lang='lat' dir='ltr'>distinctam,</span> <span class='ocrx_word' id='word_1_297' title='bbox 955 3982 1189 4066; x_wconf 86' lang='lat' dir='ltr'>particularem</span> <span class='ocrx_word' id='word_1_298' title='bbox 1205 3987 1237 4046; x_wconf 90' lang='lat' dir='ltr'>et</span> 
     </span>
     <span class='ocr_line' id='line_1_35' title="bbox 2 4076 1238 4173; baseline 0.002 -22"><span class='ocrx_word' id='word_1_299' title='bbox 2 4076 8 4102; x_wconf 52' lang='lat'>³</span> <span class='ocrx_word' id='word_1_300' title='bbox 108 4094 254 4154; x_wconf 84' lang='lat' dir='ltr'>exactam</span> <span class='ocrx_word' id='word_1_301' title='bbox 280 4087 551 4170; x_wconf 83' lang='lat' dir='ltr'>informationem,</span> <span class='ocrx_word' id='word_1_302' title='bbox 577 4097 614 4154; x_wconf 91' lang='lat' dir='ltr'>ut</span> <span class='ocrx_word' id='word_1_303' title='bbox 634 4091 716 4154; x_wconf 89' lang='lat' dir='ltr'>nihil</span> <span class='ocrx_word' id='word_1_304' title='bbox 732 4097 843 4171; x_wconf 88' lang='lat' dir='ltr'>restet,</span> <span class='ocrx_word' id='word_1_305' title='bbox 869 4089 949 4173; x_wconf 90' lang='lat' dir='ltr'>quid</span> <span class='ocrx_word' id='word_1_306' title='bbox 965 4091 1052 4156; x_wconf 91' lang='lat' dir='ltr'>circa</span> <span class='ocrx_word' id='word_1_307' title='bbox 1066 4089 1238 4155; x_wconf 89' lang='lat' dir='ltr'>materiam</span> 
     </span>
     <span class='ocr_line' id='line_1_36' title="bbox 109 4195 1239 4282; baseline 0.001 -21"><span class='ocrx_word' id='word_1_308' title='bbox 109 4195 307 4262; x_wconf 88' lang='lat' dir='ltr'>antedictam</span> <span class='ocrx_word' id='word_1_309' title='bbox 334 4197 474 4282; x_wconf 87' lang='lat' dir='ltr'>amplius</span> <span class='ocrx_word' id='word_1_310' title='bbox 490 4198 672 4280; x_wconf 86' lang='lat' dir='ltr'>intelligere</span> <span class='ocrx_word' id='word_1_311' title='bbox 688 4198 919 4280; x_wconf 84' lang='lat' dir='ltr'>desideremus,</span> <span class='ocrx_word' id='word_1_312' title='bbox 945 4197 1001 4262; x_wconf 88' lang='lat' dir='ltr'>sed</span> <span class='ocrx_word' id='word_1_313' title='bbox 1018 4197 1167 4262; x_wconf 90' lang='lat' dir='ltr'>omnibus</span> <span class='ocrx_word' id='word_1_314' title='bbox 1183 4218 1239 4262; x_wconf 90' lang='lat' dir='ltr'>no-</span> 
     </span>
     <span class='ocr_line' id='line_1_37' title="bbox 108 4304 1239 4399; baseline 0.004 -31"><span class='ocrx_word' id='word_1_315' title='bbox 108 4305 158 4368; x_wconf 91' lang='lat' dir='ltr'>bis</span> <span class='ocrx_word' id='word_1_316' title='bbox 183 4304 364 4390; x_wconf 87' lang='lat' dir='ltr'>propositis</span> <span class='ocrx_word' id='word_1_317' title='bbox 391 4310 423 4370; x_wconf 90' lang='lat' dir='ltr'>et</span> <span class='ocrx_word' id='word_1_318' title='bbox 440 4304 614 4373; x_wconf 87' lang='lat' dir='ltr'>declaratis</span> <span class='ocrx_word' id='word_1_319' title='bbox 637 4306 748 4392; x_wconf 87' lang='lat' dir='ltr'>solide,</span> <span class='ocrx_word' id='word_1_320' title='bbox 766 4312 919 4396; x_wconf 89' lang='lat' dir='ltr'>certeque</span> <span class='ocrx_word' id='word_1_321' title='bbox 936 4306 1102 4370; x_wconf 88' lang='lat' dir='ltr'>consulere</span> <span class='ocrx_word' id='word_1_322' title='bbox 1119 4309 1152 4369; x_wconf 87' lang='lat' dir='ltr'>ct</span> <span class='ocrx_word' id='word_1_323' title='bbox 1168 4327 1239 4399; x_wconf 85' lang='lat' dir='ltr'>pro·</span> 
     </span>
     <span class='ocr_line' id='line_1_38' title="bbox 110 4413 408 4482; baseline 0.013 -6"><span class='ocrx_word' id='word_1_324' title='bbox 110 4413 215 4482; x_wconf 85' lang='lat' dir='ltr'>videre</span> <span class='ocrx_word' id='word_1_325' title='bbox 232 4413 408 4480; x_wconf 88' lang='lat' dir='ltr'>valeamus.</span> 
     </span>
    </p>
   </div>
   <div class='ocr_carea' id='block_1_15' title="bbox 0 0 1649 5304">
    <p class='ocr_par' dir='ltr' id='par_1_15' title="bbox 0 0 1649 5304">
     <span class='ocr_line' id='line_1_39' title="bbox 0 0 1649 5304; baseline 0 0"><span class='ocrx_word' id='word_1_326' title='bbox 0 0 1649 5304; x_wconf 95' lang='lat' dir='ltr'> </span> 
     </span>
    </p>
   </div>
  </div>
 </body>
</html>
