3268 5308
728 446 960 492 oiruonsczmr
975 427 1143 493 emissan.

906 701 979 760 108.

382 862 475 929 1462.
508 859 535 924 Α
563 859 712 923 celenrzei
737 856 953 923 (illamtuna'cs
980 858 1111 922 valasza
1139 859 1290 923 Thamari
1315 859 1410 922 Peter
1434 881 1504 921 ma·

377 968 591 1052 pparorsza'gc'
606 966 768 1030 asserebas
780 966 958 1052 Drokulya
976 965 1049 1029 ola'b
1067 966 1167 1051 cajdc
1185 967 1337 1051 dpyc'ban,
1363 964 1506 1050 eppental

380 1073 571 1159 belyeselcdn
596 1075 728 1160 Mdtya's
754 1073 909 1157 sljdrdsdt
936 1097 956 1135 o
982 1074 1252 1158 bosaydloorszdpi
1272 1063 1445 1158 fep'cdeleln
1471 1073 1506 1134 c's

379 1205 418 1245 oz
445 1175 558 1246 istorio
585 1181 655 1244 kozt
679 1185 825 1244 'terreant
856 1182 1021 1266 sabvetsc'p,
1054 1182 1214 1244 volumini
1246 1205 1266 1243 a
1291 1179 1507 1265 Sipncrio'boz

379 1289 541 1353 soluendo·
557 1288 700 1374 kdvctsc'q
720 1288 825 1365 irunt,
850 1289 981 1372 tadctja
1007 1313 1028 1352 a
1053 1290 1141 1373 sajdt
1166 1289 1257 1352 torst
1284 1287 1389 1363 ellani,
1415 1286 1508 1350 kalo-

381 1403 475 1459 udsca
502 1397 625 1483 tangeri
641 1395 1014 1480 fepyuerkdszidddc'seit,
1039 1419 1061 1458 a
1074 1397 1158 1476 ponz
1183 1394 1327 1458 kitldc'se't
1352 1393 1448 1479 iqe'ri,
1473 1393 1508 1456 e's

617 1506 699 1590 πόρῃ
715 1502 868 1568 bibornok
885 1503 1117 1567 kiaevccc'se'rdl
1135 1501 1263 1566 c'rtcsiti.

380 1659 648 1728 MCOOOLXII.
664 1663 716 1728 dia
732 1662 810 1729 XV.
826 1664 851 1729 J
854 1663 993 1745 anuarij.

489 1768 732 1852 Circumspecto
749 1777 781 1834 et
797 1767 945 1852 Sapienti
962 1768 1044 1838 Viro
1061 1767 1163 1834 Petro
1180 1766 1366 1848 Thomasio,
1393 1765 1509 1832 Secre-

382 1876 465 1940 tario
483 1883 594 1943 nostro
611 1878 644 1940 in
661 1877 844 1960 Hungaria.

382 1981 554 2068 8ΕΡῘθΠῑθΒ
570 1981 706 2070 00¹¹Siffil'
725 1993 757 2050 el
866 2001 981 2068 Petra!
1007 2001 1149 2067 Reddite
1175 2007 1250 2067 sunt
1275 2001 1367 2066 nobis
1392 1999 1507 2063 littere

384 2115 543 2191 *3--
582 2096 603 2156 l·
621 2093 641 2156 f·
811 2116 866 2174 tue
893 2108 1018 2174 dierum
1047 2109 1153 2191 primi,
1183 2109 1277 2193 tercij
1311 2114 1345 2172 et
1369 2101 1512 2173 xxvi.

382 2214 585 2294 Novembris,
602 2237 682 2299 quas
698 2217 731 2279 in
748 2236 819 2282 eam
835 2237 937 2299 usque
954 2215 1040 2281 diem
1059 2215 1208 2280 retinisse
1225 2214 1349 2298 scribis,
1365 2214 1444 2298 quia
1460 2211 1511 2277 'sic

382 2323 484 2387 visum
500 2321 562 2387 fuit
577 2321 681 2408 Regis
697 2321 870 2408 Majestati
885 2323 1055 2405 Hungarie
1073 2344 1112 2385 ex
1128 2323 1234 2386 causis
1250 2328 1284 2386 ot
1303 2319 1511 2403 respectibus

383 2431 417 2493 in
432 2430 552 2494 litteris
569 2432 635 2495 tuis
651 2433 818 2496 contentis.
846 2428 1074 2495 intelleximus
1091 2431 1201 2509 exeis,
1224 2448 1415 2514 quecunque
1429 2434 1512 2490 tunc

382 2557 485 2618 usque
502 2558 634 2602 occursu
650 2538 715 2602 illis
731 2541 764 2602 in
780 2537 941 2621 partibus,
957 2558 996 2602 ac
1011 2559 1122 2602 casum
1148 2536 1340 2602 retentionis
1364 2533 1513 2618 Draguli
1621 2585 1626 2598 .

384 2643 463 2707 olim
478 2642 634 2722 Vaivodc‚
651 2645 739 2708 circa
758 2665 855 2726 quam
872 2665 940 2708 rem
965 2644 1051 2709 idem
1070 2644 1302 2710 serenissimus
1318 2641 1393 2706 Rex
1409 2641 1515 2707 etiam

383 2770 441 2832 per
458 2750 677 2815 suas‘litteras
694 2751 788 2815 nobis
805 2753 944 2834 scripsit,
970 2759 1003 2816 et
1027 2752 1258 2835 respondentes
1273 2750 1335 2815 tibi
1360 2749 1511 2827 dicimus,

384 2856 472 2938 quod
486 2857 660 2922 laudantes
676 2858 883 2941 prudentiam
899 2864 932 2923 et
947 2857 1150 2942 diligentiam
1166 2864 1267 2939 tuam,
1282 2863 1351 2921 tam
1366 2877 1426 2940 pro
1442 2877 1513 2920 om·

254 2973 258 2980 '
385 2965 487 3044 nibus,
513 2987 575 3048 que
601 2967 693 3032 nobis
718 2964 918 3048 significasti,
943 2986 1041 3048 quam
1068 2965 1205 3048 probis
1235 2964 1419 3047 presertim,
1446 2982 1513 3042 que

385 3072 499 3137 dixisti
515 3080 548 3136 ct
564 3075 671 3138 iecisti
687 3074 775 3158 apud
792 3072 892 3140 Suam
910 3073 1135 3153 Serenitatem,
1151 3079 1201 3138 est
1225 3078 1335 3138 nostre
1361 3069 1517 3136 intentio·

386 3177 436 3241 nis
453 3184 486 3242 et
497 3178 652 3261 volumus,
669 3181 756 3263 quod
772 3201 839 3245 esse
855 3182 975 3246 debeas
1000 3181 1043 3245 ad
1068 3184 1136 3264 ejus
1152 3179 1362 3262 presentiam,
1378 3175 1517 3259 Sueque

386 3285 555 3368 Majestati
575 3283 782 3368 'presentare
812 3290 943 3354 litteras
969 3287 1101 3354 nostras
1127 3286 1332 3370 presentibus
1357 3285 1518 3366 alligatas

387 3391 592 3474 responsivas
611 3391 652 3456 ad
669 3413 733 3474 eas,
748 3395 829 3477 quas
846 3397 930 3461 sicut
945 3396 1154 3478 premittitur,
1170 3395 1263 3460 nobis
1274 3395 1411 3477 scripsit
1421 3390 1518 3474 eujus

388 3497 519 3581 quidem
549 3501 768 3583 responsionis
800 3509 913 3568 nostre
938 3504 1065 3585 copiam
1097 3502 1140 3568 ad
1170 3503 1219 3566 tui
1251 3499 1519 3566 informationem

387 3606 547 3671 mittimus
562 3607 613 3671 his
629 3608 829 3692 implicitam,
842 3610 938 3692 juxta
964 3633 1061 3692 quam
1086 3611 1121 3674 in
1140 3608 1255 3690 verbis,
1272 3629 1333 3690 que
1349 3607 1438 3670 circa
1453 3605 1519 3670 hoc

388 3711 523 3779 habebis
549 3735 621 3778 cum
646 3713 831 3782 Serenitate
857 3713 935 3797 Sua,
959 3716 1113 3797 volumus,
1140 3715 1228 3799 quod
1252 3721 1286 3779 te
1312 3713 1432 3778 debeas
1458 3734 1521 3796 gu·

387 3819 533 3886 bernare.

494 3928 716 3995 Intelleximus
732 3939 881 4015 preterea
898 3935 1055 4013 quantum
1071 3931 1230 4014 scripsisti
1239 3930 1344 4018 nobis,
1360 3927 1521 3994 habuisse

389 4035 430 4100 ab
461 4035 674 4102 Serenissimo
705 4039 806 4120 Rege,
838 4043 872 4102 et
904 4038 945 4103 ab
976 4037 1259 4103 Reverendissimo
1284 4037 1325 4101 D.
1351 4036 1521 4119 Elpiseopo

390 4141 550 4208 Oenadini
566 4147 694 4210 nomine
711 4146 901 4230 Majeoatis
919 4144 991 4226 Sue,
1009 4146 1049 4210 de
1069 4147 1193 4228 optima
1220 4145 1431 4228 dispositione
1457 4165 1522 4208 sua

393 4251 589 4334 procedendi
620 4259 767 4336 tempore
793 4275 874 4318 novo
900 4255 1108 4336 magnanime
1140 4261 1255 4320 contra
1281 4253 1432 4330 Tuscum,
1457 4272 1522 4316 nee

390 4365 560 4439 expectare
576 4361 668 4441 velle,
684 4360 771 4443 quod
788 4361 829 4424 ab
846 4361 916 4443 ipso
929 4359 1035 4425 Turco
1052 4363 1271 4444 preveniatur.
1290 4359 1521 4424 Intelleximus

391 4483 528 4545 quoque,
555 4473 714 4548 quantum
730 4467 890 4552 Majestas
907 4490 965 4532 sua
992 4468 1055 4533 dici
1081 4476 1114 4532 et
1140 4469 1265 4534 svaderi
1281 4468 1406 4533 fecerat
1423 4465 1521 4531 Sere-

391 4569 523 4638 nissimo
555 4574 596 4638 D.
622 4573 706 4656 Regi
732 4575 881 4658 Bossine,
908 4599 945 4641 ac
970 4575 1099 4642 Illustri
1123 4577 1208 4642 Duci
1235 4575 1404 4662 Stephano
1431 4575 1522 4642 circa
