3268 5308
341 336 403 398 120
691 348 926 396 nrrnouscmsr
942 345 1111 392 annuens.

337 509 510 574 tenendum
526 508 568 572 sit
584 511 710 574 tantum
734 509 913 592 principem
939 507 1075 590 pondus,
1101 505 1136 570 id
1160 525 1225 570 non
1251 506 1314 569 nisi
1339 506 1465 588 potenti

338 638 436 682 manu
467 621 691 698 suscepturam
722 637 800 682 esse.
825 615 966 699 Regiam
997 614 1209 698 MaJestatem
1240 612 1465 694 Franehornm

339 723 535 808 sperandum
552 728 610 803 est,
626 728 661 788 et
676 745 735 806 pro
753 746 811 790 suc
828 723 972 788 naturali
989 742 1076 787 more
1101 727 1134 785 et
1149 721 1411 805 persvasionibus
1428 719 1470 786 V.

338 831 370 898 S.
395 831 563 896 inductam
589 831 616 894 si
641 851 706 896 non
732 831 840 914 plures
866 829 982 894 saltem
1007 828 1044 892 X
1069 827 1174 893 millia
1190 833 1408 911 pugnatorum
1428 829 1470 894 ad

338 937 423 1002 hanc
442 935 680 1018 expeditionem
705 937 876 1003 missuram
902 955 980 1000 esse.
1015 933 1169 1000 Inducias
1195 940 1230 999 et
1254 935 1333 1000 belli
1358 958 1465 1002 moras

338 1045 424 1109 inter
448 1043 699 1126 Imperatoriam
724 1045 938 1130 Majestatem
968 1049 1001 1107 et
1027 1042 1198 1125 Hungarie
1224 1043 1359 1127 Regem,
1386 1066 1466 1126 quas

338 1150 502 1216 faciendas
512 1171 581 1216 esse
591 1173 650 1234 pro
660 1151 748 1217 felici
757 1153 805 1216 rei
815 1152 909 1216 istius
921 1148 1373 1218 succesuBeatitudoVestra
1384 1174 1465 1218 com-

338 1263 502 1338 memorat,
513 1259 712 1324 necessarias
721 1259 852 1342 penitus
862 1277 933 1322 esse
950 1256 1190 1340 cognoscimus:
1208 1257 1251 1322 ad
1266 1259 1364 1342 idque
1381 1261 1468 1325 omni

338 1365 446 1429 studio
457 1370 490 1429 et
505 1385 604 1447 opera
620 1363 833 1431 insistendum
849 1371 908 1444 cst,
923 1370 961 1429 ut
976 1363 1128 1446 Hungari
1139 1365 1283 1448 expediti
1293 1369 1327 1432 in
1336 1367 1468 1450 Rassia,

340 1472 389 1537 vel
408 1472 494 1554 alibi,
513 1472 613 1537 unitis
629 1473 752 1538 viribus
769 1494 922 1538 comunes
932 1473 1042 1538 hostes
1052 1472 1207 1538 invadere
1217 1474 1381 1558 exitioque
1391 1476 1471 1541 dare

339 1582 472 1664 possint,
496 1580 624 1664 reliqua
649 1580 795 1663 presidia
819 1579 956 1650 aliorum
981 1579 1173 1663 Principum
1197 1587 1231 1646 et
1251 1582 1471 1663 Prelatorum,

339 1687 379 1752 de
404 1686 521 1770 quibus
546 1688 579 1751 in
603 1687 722 1752 litteris
748 1686 780 1752 S.
797 1687 839 1756 V.
866 1693 1005 1769 cavetur,
1029 1709 1095 1752 non
1120 1689 1316 1754 dubitamus
1343 1695 1412 1756 tum
1429 1714 1469 1756 ex

340 1816 465 1859 summa
481 1793 551 1876 ejus
568 1795 728 1877 sapientia
744 1801 778 1860 et
794 1795 998 1875 auctoritate,
1008 1801 1077 1860 tum
1087 1818 1125 1861 ex
1140 1798 1213 1880 ipsa
1223 1799 1271 1862 rei
1282 1798 1468 1864 conditione

338 1899 434 1964 fidem
459 1899 672 1966 orthodoxam
701 1907 874 1986 tantopere
894 1909 1107 1968 concernente
1127 1902 1376 1971 Beatitudiuem
1386 1906 1469 1973 Ves-

337 2012 424 2072 tram
434 2006 529 2072 facile
545 2013 792 2074 consecuturam
808 2031 885 2075 esse.
902 2009 935 2074 N
937 2030 974 2074 cs
989 2015 1026 2074 ut
1042 2010 1082 2075 de
1098 2011 1210 2076 multis
1226 2034 1330 2095 pauca
1346 2015 1407 2080 hec
1423 2014 1439 2079 f
1458 2054 1470 2065 -

338 2114 468 2196 ciamus,
484 2116 518 2178 in
528 2121 640 2180 sancta
651 2116 856 2199 expeditione
867 2119 940 2200 ista,
957 2118 1112 2203 quicquid
1123 2121 1157 2183 in
1168 2120 1261 2186 nobis
1277 2128 1334 2203 est,
1350 2145 1470 2207 magno

338 2227 371 2287 et
386 2221 464 2287 forti
481 2223 588 2288 animo
604 2221 803 2306 pollicemur,
830 2230 950 2289 etcum
966 2228 1131 2292 maritima
1148 2229 1261 2310 classe,
1288 2230 1472 2314 validisque

337 2328 459 2394 viribus
476 2330 595 2395 nostris
612 2330 775 2396 associare
791 2351 849 2396 seu
865 2333 1021 2398 associari
1037 2334 1143 2401 facere
1159 2336 1378 2404 Beatudinem
1389 2337 1470 2407 Ves-

337 2442 432 2515 tram,
443 2442 590 2520 apertum
601 2437 871 2522 bellamgerrere,
882 2444 990 2505 etuna
1001 2442 1158 2526 cumalijs
1169 2444 1392 2511 nihilomnino
1404 2470 1471 2514 om·

340 2544 469 2608 mittere
486 2566 546 2626 prc
563 2545 743 2613 Turcorum
760 2547 895 2613 excidio.
914 2546 1089 2632 Speremus
1109 2551 1269 2634 siquidem
1285 2575 1324 2618 ac
1338 2556 1468 2638 procul·

340 2648 438 2714 dubio
455 2648 644 2715 confidimus
656 2651 689 2717 S.
700 2651 865 2736 Vestram,
882 2661 915 2720 et
931 2677 970 2720 ex
980 2657 1030 2740 ijs,
1046 2679 1108 2740 quc
1124 2658 1409 2742 impresentiarum
1425 2664 1468 2729 ad

339 2778 397 2822 nos
413 2759 613 2842 perscripsit,
631 2765 663 2825 ct
679 2781 718 2824 ex
734 2761 782 2845 ijs,
800 2784 862 2845 que
877 2785 937 2846 per
953 2771 1051 2830 antea
1067 2767 1154 2831 dicta
1171 2776 1255 2850 sunt,
1281 2775 1314 2834 et
1337 2771 1471 2836 honoris

338 2871 371 2929 et
381 2867 541 2932 commodi
551 2869 663 2950 nostri,
680 2885 853 2935 memorem
863 2891 991 2954 semper
1000 2871 1144 2938 futuram
1154 2897 1233 2942 esse.
1249 2876 1355 2962 Super
1365 2885 1425 2962 est,
1435 2886 1473 2945 ut

338 2971 380 3036 ad
396 2972 627 3056 disponendas,
642 2976 873 3059 parandasque
889 2999 941 3043 res
956 2979 1036 3046 istas
1053 2980 1231 3049 Beatitudo
1247 2982 1370 3052 Vestra
1388 3009 1472 3052 sum-

337 3100 422 3142 mam
440 3081 509 3162 ejus
521 3083 724 3163 sapientiam,
746 3083 919 3168 studiaque
935 3093 1114 3172 convertat,
1135 3096 1171 3155 ut
1177 3091 1247 3174 jam
1256 3094 1390 3159 tandem
1402 3095 1470 3177 glo-

337 3186 423 3248 riose
434 3186 606 3268 complecti
622 3194 654 3252 et
670 3211 742 3253 cum
756 3190 934 3259 immortali
944 3193 1051 3277 laude,
1061 3203 1283 3282 perpetuoque
1295 3201 1470 3284 splendore

338 3290 529 3356 Sanctitatis
545 3291 671 3372 Vestrc,
689 3297 806 3378 suique
822 3300 934 3384 populi
952 3301 1123 3369 christiani
1139 3305 1251 3386 perfici
1269 3309 1406 3389 possint.
1425 3309 1469 3376 Id

338 3399 466 3464 demum
483 3421 606 3465 summe
627 3405 843 3472 necessarium
855 3407 1047 3491 judicamus
1074 3413 1345 3493 quemadmodum
1370 3419 1472 3484 etiam
1580 3487 1584 3491 ,

337 3504 502 3572 Sanctitas
513 3505 635 3574 Vestra
652 3511 774 3595 scribit,
787 3522 823 3580 nt
833 3517 898 3580 ista
909 3517 1019 3582 omnia
1034 3519 1257 3587 occultissima
1273 3522 1471 3606 habeantur,

338 3618 370 3676 et
386 3614 434 3679 ita
449 3616 601 3697 precibus
613 3620 769 3703 omnibus,
782 3623 898 3707 quibus
908 3645 1077 3706 possumus
1089 3624 1297 3694 devotissime
1308 3633 1471 3716 supplica-

337 3742 417 3801 mus,
432 3743 605 3804 precamur
620 3746 747 3811 quoque
762 3735 797 3794 ut
815 3730 855 3795 de
878 3734 1066 3814 receptione
1090 3737 1289 3816 presentium
1314 3740 1471 3809 certiores

336 3848 394 3892 nos
410 3828 518 3894 tacere
534 3830 643 3897 libeat.

444 3934 923 4019 †146-1-o.

442 4099 598 4162 (Velenczci
611 4100 697 4152 allam
709 4104 766 4154 lta'r
780 4109 822 4155 80.
836 4105 866 4166 l.)
