3268 5308
634 329 729 410 ilas.
1183 338 1244 410 tas

6 551 13 570 -’
112 545 242 607 quoque
268 522 330 586 sibi
356 523 513 604 optimum
545 525 698 602 animum,
728 523 970 606 ferventemque
1001 523 1245 606 dispositionem

110 629 304 695 sanctitatis
320 631 441 700 Vestro
457 631 501 696 ad
516 630 598 695 nihil
614 630 943 713 prettermittcndum,
960 636 998 695 ut
1022 637 1169 697 sanctum
1184 634 1245 699 hoc

111 759 194 821 opus
226 737 338 821 perfici
354 740 467 822 possit,
483 759 612 822 semper
636 745 745 804 tamen
762 738 848 803 circa
863 759 932 803 rem
956 740 1053 804 istam
1079 745 1244 806 servantes

6 849 8 888 ἵ
111 843 277 916 silentium
307 845 462 927 debitum,
497 847 655 924 circaea,
689 866 751 929 que
777 843 953 910 Beatitudo
978 844 1100 914 Vestra
1129 845 1243 912 diebus

6 1019 8 1030 ε
108 953 333 1038 superioribus
350 954 444 1020 nobis
461 948 597 1038 scripsit.
623 954 689 1019 Pro
705 960 828 1037 quanto
844 959 954 1019 autem
980 954 1022 1018 ad
1045 955 1242 1037 particulare

107 1060 288 1145 presidium
312 1083 414 1144 regno
431 1061 603 1144 Hungarie
629 1059 859 1126 conferendum
885 1066 1034 1144 spectare
1050 1067 1189 1144 poterat,
1205 1068 1242 1128 ut

6 1171 7 1242 ᾗ
108 1167 292 1233 Turcorum
307 1170 463 1252 impetum
479 1170 639 1234 sustinere
664 1174 781 1251 posset,
806 1167 958 1233 decenter
977 1190 1015 1233 ao
1039 1171 1241 1252 pertinenter

6 1275 7 1320 ἒ
108 1276 212 1341 locuti
239 1297 356 1356 sumus,
381 1275 657 1362 patefecimusque
673 1275 933 1359 Spectabilitatis
949 1275 1022 1359 Sue,
1047 1275 1240 1360 quodcirca

6 1381 8 1450 ἒ
108 1381 194 1446 hanc
209 1390 338 1465 partem
363 1405 419 1466 per
445 1382 574 1448 litteras
600 1388 730 1448 nostras
757 1382 921 1465 predictas
944 1385 1100 1466 proximis
1126 1383 1240 1449 diebus

106 1490 285 1556 Sanctitati
311 1491 429 1559 Vestra
467 1489 784 1556 commemorandum
816 1490 974 1574 duximus,
1000 1513 1063 1555 non
1089 1490 1240 1574 dicemus,

6 1595 8 1672 ᾖ
107 1603 268 1680 quantum
295 1598 497 1664 conservatio
522 1599 614 1680 regui
640 1596 726 1661 illius
752 1597 864 1679 magni
888 1596 1037 1662 facienda
1062 1601 1112 1680 sit,
1138 1621 1239 1682 quan·

46 1697 50 1702 ⁵
108 1713 246 1789 tumque
261 1708 322 1772 toti
339 1705 577 1772 christianitati
595 1706 763 1787 conducat,
780 1713 817 1782 ut
834 1706 1041 1772 succumbere
1058 1730 1122 1773 non
1142 1729 1235 1790 coga-

6 1807 9 1862 ἷ
109 1819 174 1896 tur,
192 1815 456 1899 quandoquidem
471 1815 531 1880 heo
547 1817 655 1881 omnia
671 1815 766 1899 louge
776 1817 881 1899 magis
892 1815 1096 1880 Beatitudini
1109 1817 1239 1896 Vestra,

6 1905 8 1978 l
108 1944 207 2005 quam
226 1923 319 1989 nobis
335 1925 465 2006 cognita
483 1925 556 2002 sint,
573 1923 814 2007 sapientissima
829 1929 878 1986 est
892 1922 1058 1988 Sanctitas
1069 1921 1191 1991 Vestra
1206 1932 1239 1988 et

106 2031 192 2095 circa
219 2052 258 2096 ea
283 2030 444 2114 disponet,
472 2032 555 2095 sicut
571 2031 669 2095 saluti
686 2030 855 2095 christiani
881 2033 1019 2095 nominis
1045 2053 1082 2096 ao
1107 2032 1236 2095 immor·

6 2123 7 2168 ³
106 2136 166 2201 tali
184 2143 218 2202 et
235 2144 344 2203 eterne
360 2137 463 2220 glorie
478 2157 534 2202 sue
550 2138 721 2204 convenire
738 2138 873 2201 noverit.

215 2245 372 2310 Preterea
403 2251 514 2311 orator
538 2246 607 2329 ipse
632 2267 691 2310 nos
717 2245 924 2312 vehementer
949 2247 1084 2328 rogavit,
1111 2253 1146 2311 ut
1162 2269 1235 2312 cum

6 2353 11 2422 i
106 2351 193 2418 bulle
218 2355 397 2437 apostolice
423 2376 483 2438 pro
499 2354 686 2437 episcopatu
702 2351 969 2418 Transilvanensi
998 2355 1031 2416 in
1064 2375 1234 2436 personam

107 2457 289 2526 Reverendi
314 2461 446 2527 Domini
472 2461 600 2527 Nicolai
616 2460 656 2524 de
682 2458 857 2544 Capolia*)
882 2458 995 2524 fratris
1023 2459 1232 2548 Thesaurarij

17 2547 23 2559 .
108 2565 213 2650 Regia
230 2546 415 2652 Majestatis
432 2567 614 2650 Hungarie,
640 2570 673 2632 in
690 2566 841 2632 Romana
865 2565 967 2630 (lunia
992 2569 1136 2635 confecta
1163 2573 1237 2653 siut,

108 2675 247 2741 scribere
279 2683 312 2743 et
343 2676 526 2761 supplicare
552 2675 686 2740 velimus
713 2673 752 2740 B.
778 2675 905 2758 Vestro,
930 2684 966 2740 ut
992 2677 1032 2740 de
1058 2680 1108 2743 sui
1136 2679 1233 2744 solita

108 2781 279 2849 clementia
295 2791 329 2850 et
343 2785 546 2869 benignitate
564 2783 717 2866 dignetur
727 2782 862 2864 edicere,
880 2784 967 2866 quod
976 2783 1073 2851 Bulla
1083 2788 1152 2869 ipse
1163 2809 1235 2870 gru·

7 2877 9 2890 '
108 2891 146 2954 tis
162 2897 195 2956 et
210 2891 361 2957 munifice
377 2892 603 2973 concedantur,
633 2895 761 2955 attento
778 2891 926 2973 maxime,
956 2891 1044 2973 quod
1060 2913 1119 2975 pro
1137 2893 1234 2958 rebus

108 2996 178 3062 fidei
203 2999 300 3082 longe
325 3003 483 3085 majorem
515 3000 726 3083 pecuniarum
759 3020 916 3063 summam
942 3002 1099 3082 exposuit,
1135 3022 1233 3083 quam

109 3125 175 3170 esse
199 3109 304 3190 possit
327 3113 469 3192 expensa
493 3107 656 3172 bullarum
685 3108 831 3188 istaram,
857 3105 1018 3190 quomodo
1050 3111 1232 3193 sumptibus

109 3215 171 3277 suis
186 3216 228 3280 ad
245 3215 425 3282 Turuorum
445 3216 630 3299 oppositum
646 3216 751 3279 tenuit
767 3217 890 3298 equites
907 3213 1029 3281 0000.
1055 3216 1097 3282 Id
1113 3219 1232 3300 ipsum-

110 3343 167 3406 que
182 3323 392 3406 imposterum
408 3343 506 3406 agere
528 3328 679 3405 prompto
695 3323 803 3386 animo
820 3321 999 3405 pollicetur,
1016 3323 1103 3404 quod
1121 3326 1147 3388 si
1163 3332 1233 3390 tan-

110 3429 178 3495 dem
193 3430 264 3496 fieri
280 3452 345 3496 uon
361 3435 482 3514 posset,
499 3429 616 3494 saltem
631 3429 695 3494 huc
711 3429 753 3492 ad
769 3451 885 3494 manus
902 3437 1031 3495 nostras
1057 3429 1146 3496 bulla
1162 3433 1231 3515 ipse

142 3539 286 3620 'ttantur,
302 3561 376 3604 oum
392 3539 514 3619 ordine,
532 3537 618 3620 quod
634 3559 707 3604 cum
724 3537 940 3603 satisfactioni
966 3539 1080 3618 debite,
1098 3544 1131 3602 et
1147 3539 1231 3603 solu·

108 3647 185 3711 tioni
208 3667 320 3712 earum
344 3647 510 3730 provisum
534 3645 651 3724 fuerat,
676 3645 852 3709 tradantur
876 3646 951 3727 illis,
986 3669 1123 3730 quorum
1149 3654 1232 3712 sunt.

109 3750 244 3820 (iratam
259 3756 362 3838 igitur
372 3774 441 3820 esse
451 3753 597 3819 volumus
609 3752 822 3818 Sanctitatem
836 3751 1001 3832 Vestram,
1017 3761 1054 3818 ut
1070 3756 1102 3818 in
1120 3775 1156 3820 rc
1170 3758 1233 3819 ista

110 3881 166 3942 pro
181 3885 237 3929 sua
254 3869 406 3929 consueta
426 3862 596 3927 clementia
612 3867 644 3926 et
653 3861 878 3926 munificencia
890 3861 1043 3926 exaudire
1053 3883 1111 3925 nos
1122 3861 1232 3942 libeat,

111 3967 142 4031 id
157 3971 298 4052 protecto
314 3973 536 4055 gratissimum
553 3969 697 4036 habituri
717 3992 834 4034 sumus.

211 4081 252 4166 -t-
302 4083 365 4146 148
411 4116 455 4127 -
502 4085 522 4143 0
568 4116 610 4128 —-
658 4084 687 4142 0.

212 4241 370 4305 (Velenozei
383 4241 468 4292 tilam
483 4243 539 4292 ltar
554 4245 595 4291 84.
607 4239 638 4299 1.)

115 4361 317 4378 ι·-------.......-.

211 4434 235 4497 a)
249 4439 391 4503 Zapolyai.

587 4510 744 4522 ..........--·-

157 4637 212 4678 bon.
227 4643 308 4682 HUNG.
323 4646 392 4682 nias.
409 4655 452 4667 ·····
468 4646 533 4681 ACTA
550 4649 609 4683 EXT.
625 4648 661 4682 lv.
