3256 5304
643 345 736 406 1463.
1189 347 1252 407 261

129 522 202 586 simi
228 523 340 605 Regis,
367 522 538 589 reddemus
561 541 634 586 eum
651 521 802 585 continue
820 519 1041 586 informatum.
1058 520 1131 584 Heo
1148 521 1257 585 omnia

6 653 7 658 ¹
127 630 283 711 volumus,
299 637 336 698 ut
352 631 593 714 quamprimum
611 629 803 712 diligentem
823 650 956 712 operam
972 630 1058 694 detis
1074 627 1260 711 significare

5 743 7 750 “
129 743 161 802 et
188 738 399 821 amplissimis
424 737 530 802 verbis
556 737 725 802 declarare
752 735 964 802 Serenissimo
989 735 1084 820 Regi,
1112 737 1195 801 sicut
1220 735 1261 804 ad

128 846 333 930 propositum
364 868 474 911 rerum
503 845 806 929 benegerendarum
848 850 881 910 et
922 845 965 910 ad
992 843 1259 929 justificationem

129 960 278 1018 nostram
310 960 343 1019 et
379 953 422 1019 ad
454 953 688 1019 ostendendam
722 952 974 1018 benivolentiam
1005 957 1151 1017 nostram
1193 951 1262 1018 eius

129 1060 351 1128 Serenitatem
375 1062 480 1145 magis
499 1062 656 1127 noveritis
682 1061 844 1144 expedire,
870 1059 1040 1142 quomodo,
1066 1065 1104 1124 ut
1119 1059 1259 1126 diximus

128 1170 277 1253 profecto
294 1171 453 1234 neminem
468 1168 562 1234 nobis
574 1168 711 1251 preferri
721 1169 877 1250 volumus,
894 1167 949 1251 qui
959 1169 1074 1253 magis,
1091 1189 1190 1250 quam
1202 1191 1261 1234 nos

5 1311 7 1314 ·
129 1279 239 1361 cupiat
256 1299 383 1343 omnem
400 1274 608 1367 splendorem
624 1283 657 1340 et
672 1277 813 1359 gloriam
825 1275 1036 1342 Oelsitudinis
1053 1275 1126 1342 Sue.
1142 1277 1189 1342 Et
1205 1276 1257 1341 de·

128 1411 215 1454 mum
231 1387 386 1468 volumus²
403 1385 491 1470 quod
506 1406 566 1467 pro
582 1383 802 1449 conclussione
821 1384 946 1463 dicatis
964 1384 1051 1468 quod
1075 1390 1113 1449 ut
1138 1385 1261 1468 Majes-

128 1503 179 1561 tss
197 1495 266 1561 Sua
282 1517 342 1579 per
359 1514 468 1558 omnes
485 1513 579 1556 veros
606 1489 742 1556 effectus
770 1492 942 1574 intelligat,
969 1498 1127 1575 quantum
1153 1493 1262 1575 cupidi

4 1669 5 1674 ,
129 1606 229 1670 simus
247 1603 310 1668 sibi
326 1600 515 1666 satisfacere
532 1620 637 1682 posse,
653 1601 798 1664 contenti
814 1621 933 1684 sumus,
950 1607 982 1666 et
997 1601 1221 1683 promittimus
1232 1601 1262 1665 ei

133 1713 222 1791 dare,
247 1715 354 1774 stante
371 1709 439 1791 ejus
456 1704 638 1772 Serenitate
664 1728 736 1771 cum
762 1708 905 1772 exercitu
931 1729 987 1773 suo
1013 1709 1046 1772 in
1072 1707 1264 1789 cast1·is,ad

4 1863 5 1866 =
130 1822 252 1886 damna
280 1817 424 1882 comunis
450 1814 553 1880 hostis
569 1817 707 1880 ducatos
724 1814 776 1881 VI
792 1815 896 1880 millia
912 1815 946 1879 in
961 1837 1072 1880 mense
1096 1838 1156 1902 per
1173 1839 1261 1881 men-

134 1951 184 1994 ses
202 1949 267 2006 sex,
283 1927 373 1990 ultra
393 1945 488 2007 quem
505 1923 658 2004 favorem,
674 1931 712 1989 ut
727 1925 878 2008 diximus,
893 1931 1040 1990 tenemus
1056 1925 1154 1989 etiam
1169 1923 1264 1990 Rom.

4 2043 6 2052 ’
129 2034 553 2116 Pontificem·provisurum
590 2053 660 2097 esse
686 2033 726 2096 de
752 2033 826 2117 alijs
851 2033 982 2116 auxilijs
999 2032 1173 2116 Majestati
1190 2030 1264 2113 Sue,

4 2205 6 2218 ,,
131 2169 203 2211 cum
220 2144 340 2228 quibus
357 2149 390 2206 et
406 2141 479 2224 alijs
495 2141 620 2205 viribus
636 2141 703 2205 suis
720 2163 784 2208 non
801 2141 987 2208 dubitamus
1004 2141 1090 2205 Eam
1106 2163 1179 2206 cum
1206 2162 1263 2222 po-

130 2255 215 2321 tenti
240 2274 339 2316 manu
369 2250 496 2314 hostem
522 2270 595 2313 oum
620 2254 735 2313 eterna
766 2249 835 2332 ejus
866 2251 965 2315 laude
997 2249 1263 2333 propulsaturum

4 2369 5 2376 ’
133 2384 212 2427 esse.
228 2361 279 2427 De
295 2367 389 2442 parte
407 2361 458 2422 36.

134 2497 516 2604 QQl
565 2517 689 2584 Volunt
720 2523 848 2601 partem
878 2539 937 2602 per
962 2525 1067 2584 totum
1094 2539 1167 2582 oum
1193 2517 1263 2598 hoc,

134 2630 223 2714 quod
251 2629 309 2695 ubi
337 2627 456 2692 dicitur
481 2625 521 2690 de
547 2625 673 2691 ducatis
700 2625 753 2692 VI
779 2625 891 2707 millia,
918 2627 1046 2691 dicatur
1071 2625 1111 2690 de
1137 2625 1264 2691 ducatis

133 2737 213 2804 ΙΙΠ
229 2736 382 2803 milliain
409 2755 519 2799 mense
544 2756 603 2816 per
629 2756 753 2799 menses
780 2755 845 2814 serr,
870 2735 1066 2816 procedente
1097 2733 1265 2800 serenitas

139 2847 206 2914 Sua
223 2867 295 2911 cum
311 2845 458 2908 exercitu
476 2863 533 2906 suo
551 2848 666 2907 eontra
682 2843 820 2906 hostem.

136 2988 360 3070 20⁰ssfliliasll
609 3005 744 3085 Volunt,
762 3005 847 3088 quod
872 3004 1043 3070 differatur
1067 3005 1101 3068 in
1127 3005 1266 3068 materia

138 3095 464 3193 2Sapientest—f-
565 3113 801 3198 suprascripta,
833 3114 934 3179 donec
960 3113 1110 3197 expedita
1135 3113 1266 3194 fuerint,

138 3245 197 3306 que
214 3222 387 3288 scribenda
404 3228 479 3286 sunt
495 3219 690 3287 Oratoribus
710 3220 817 3285 missis
842 3222 884 3286 ad
909 3221 1035 3306 Regem
1061 3223 1267 3286 Francorum

141 3336 172 3395 et
196 3330 238 3395 ad
254 3330 381 3394 Ducem
406 3328 607 3414 Burgundio,
633 3351 653 3392 a
678 3329 793 3411 quibus
818 3328 915 3393 rebus
942 3329 1103 3424 dependet
1130 3327 1268 3394 materia

138 3439 199 3502 ista
222 3436 394 3517 Hungarie
411 3443 444 3500 et
460 3443 519 3501 ect.
774 3523 780 3529 ⁵

244 3542 287 3626 -Ι-
334 3547 374 3607 96
422 3581 465 3590 —-
514 3550 529 3607 1
579 3580 622 3590 -
668 3553 697 3608 d.

245 3707 403 3769 (Velenczei
417 3707 599 3771 allamkdnyv
615 3712 674 3758 218.
689 3709 719 3768 l.)

624 3997 783 4009 ισ--Φ--ν-
