3268 5308
357 341 419 402 110
707 356 942 402 ninnouaozmi
958 342 1126 402 nunnnnn.

349 539 426 598 gere
438 523 555 598 potest,
573 515 800 598 quamobrem
817 516 943 580 obviam
962 515 1123 578 cellerime
1140 519 1191 578 est
1207 513 1348 578 eundum
1366 517 1482 596 otper-

351 631 533 709 opportune
559 623 801 708 providendum‚
828 623 979 705 dignetur
1004 623 1118 702 itaque
1133 620 1340 686 Beatitudini
1359 618 1482 687 Vestre

350 732 393 796 ad
418 753 529 796 euram
556 738 588 796 et
614 733 851 811 auctoritatem,
880 732 972 813 cujus
996 731 1113 794 merito
1129 729 1271 810 pertinet
1287 730 1327 793 de
1344 729 1396 792 bis
1411 751 1486 811 pro-

352 838 471 918 videre,
502 839 550 903 ita
581 838 655 902 huic
680 839 728 901 rei
754 837 928 919 consulere,
959 844 994 901 ut
1019 835 1167 900 omnibus
1192 835 1424 899 efficacioribus
1451 843 1484 898 et

352 944 625 1010 commodioribus
653 945 833 1010 rationibus
859 945 946 1028 apud
972 943 1220 1010 Serenissimum
1245 942 1485 1026 Imperatorem

354 1051 495 1116 instetur
511 1059 608 1134 atque
624 1059 751 1134 agatur,
776 1060 813 1116 ut
828 1074 888 1137 pro
906 1058 998 1116 statu
1011 1053 1155 1134 presenti
1171 1071 1280 1114 rerum
1300 1055 1484 1134 prospectis

353 1160 456 1242 malis,
473 1182 533 1242 que
544 1163 697 1242 consequi
708 1165 848 1242 possent,
866 1159 1000 1224 inducat
1011 1160 1141 1224 landem
1153 1159 1296 1223 animum
1307 1181 1371 1223 non
1383 1159 1480 1223 modo

352 1268 396 1332 ab
413 1268 596 1332 actualibus
613 1265 845 1332 offensionibus
862 1274 894 1332 et
909 1267 1068 1349 molestijs
1085 1266 1172 1330 illius
1183 1266 1292 1348 Regni
1309 1268 1484 1346 abstinere,

350 1396 461 1438 verum
478 1394 605 1458 quoque
622 1376 665 1440 ab
681 1376 768 1440 omni
786 1376 879 1458 signo
895 1382 995 1457 atque
1010 1374 1190 1456 suspitione
1207 1375 1381 1456 novitatis;
1397 1376 1487 1439 bisce

352 1481 511 1563 derebus,
523 1503 767 1566 quapossumus
779 1482 950 1548 devotione
961 1483 1186 1547 etreverentia
1202 1504 1295 1565 opem
1311 1489 1344 1547 et
1359 1485 1486 1565 sapien-

351 1589 430 1654 tiam
449 1588 643 1657 sanctitatis
661 1589 782 1658 Vestra
808 1591 1042 1656 studiosissime
1059 1590 1271 1672 imploramus
1288 1597 1321 1654 et
1335 1591 1487 1672 petimus.

459 1698 502 1781 ΔΓ
550 1701 612 1762 ma
659 1732 704 1745 -
751 1703 771 1760 s
819 1737 863 1748 -
911 1702 938 1761 3.

458 1841 615 1902 (Velenczei
630 1843 867 1906 allamkbnyvtl.
881 1847 911 1905 l.)

842 2025 999 2032 ...η-...κ

892 2223 942 2284 72.

355 2365 450 2428 1461.
469 2363 496 2429 Α
518 2365 663 2428 neleuezei
677 2365 895 2429 ullomtoau'cs
910 2366 1042 2429 vitiasse
1060 2392 1081 2430 a
1090 2366 1250 2451 sunamite
1266 2369 1376 2452 kirtly
1394 2369 1482 2432 leduc-

355 2473 455 2550 le‘oelc,
471 2497 491 2534 o
509 2473 708 2537 stratellam·
724 2473 872 2537 trimodus
889 2474 921 2536 e's
940 2479 1191 2558 nrapyarorszdp
1209 2480 1400 2560 mapaldrsa
1419 2481 1485 2538 tcir-

850 2581 991 2666 ppdbau.

352 2753 606 2823 MOCOOLXI.
623 2756 674 2822 die
690 2755 814 2822 XXII.
833 2758 999 2842 Ianuarij.

460 2864 654 2932 Oratoribus
671 2867 793 2930 nostris
820 2865 866 2940 ad
889 2865 1137 2931 Serenissimum
1163 2864 1339 2931 Dominum
1360 2867 1487 2952 Regem

351 2972 590 3040 Franoborum.

353 3079 524 3162 Sapientes
541 3082 676 3166 00¹¹Slllj
695 3089 729 3147 el
871 3099 1057 3167 Habuimus
1075 3101 1205 3168 litteras
1232 3110 1359 3169 vestras
1385 3104 1483 3170 datas

353 3212 512 3287 -ζ-
553 3194 575 3251 l·
590 3188 612 3252 f·
782 3207 905 3274 Turoni
922 3209 968 3274 X.
984 3217 1019 3276 et
1033 3210 1099 3275 XI.
1116 3209 1306 3276 Decembris
1322 3215 1483 3295 preteriti,

352 3314 595 3394 succesliveque
620 3312 702 3377 alias
726 3313 854 3380 litteras
871 3323 999 3382 vostras
1025 3318 1208 3400 accepimus
1236 3319 1331 3384 datas
1356 3319 1482 3385 XXII.

353 3426 386 3483 et
401 3419 524 3485 XXX.
540 3422 660 3485 mensis
686 3422 831 3505 ejusdem
857 3447 895 3492 ae
919 3428 1024 3508 primo
1050 3429 1221 3511 presentis,
1249 3430 1368 3512 quibus
1395 3429 1484 3492 novi-

352 3549 423 3592 mus
449 3549 641 3611 quecunque
666 3529 755 3596 dicta
780 3539 813 3599 et
837 3535 1002 3617 praticata
1027 3556 1086 3617 per
1112 3558 1180 3601 vos·
1194 3543 1263 3602 tam
1288 3559 1361 3602 cnm
1380 3535 1485 3602 Sacra

351 3635 457 3717 Regia
481 3635 658 3721 Majestate
686 3639 912 3708 Franchorum
946 3644 1031 3708 circa
1069 3645 1241 3710 materiam
1267 3645 1485 3728 Turohorum‚

353 3765 451 3826 quam
467 3765 537 3809 cum
554 3745 809 3829 praticatoribus
821 3749 864 3814 ad
878 3750 940 3814 boe
957 3750 1132 3836 deputatis
1153 3754 1485 3837 commendantesque

355 3859 539 3920 consuetam
555 3855 763 3938 prudentiam
790 3863 822 3921 et
848 3857 1049 3940 diligentiam
1067 3864 1219 3940 vestram,
1245 3862 1482 3944 respondemus

352 3961 443 4026 vobis
459 3983 531 4026 oum
548 3969 660 4028 nostro
677 3960 822 4029 Consilio
838 3964 1053 4049 Rogatorum‚
1071 3967 1159 4050 quod
1177 3968 1334 4050 volumus,
1351 3975 1389 4034 ut
1405 3991 1485 4053 ope-

350 4091 423 4134 ram
439 4069 523 4135 detis
539 4070 667 4138 essendi
683 4093 756 4136 cum
773 4073 841 4156 ejus
859 4071 1055 4158 Serenitate,
1073 4076 1209 4142 dicendo
1227 4075 1296 4161 sibi,
1323 4079 1410 4160 quod
1427 4080 1485 4143 ha-

350 4179 468 4244 buistis
484 4200 674 4262 responsum
690 4203 710 4245 a
726 4180 830 4262 nobis,
847 4183 933 4246 circa
949 4188 1108 4266 quantum
1124 4185 1277 4252 habuisse
1304 4187 1484 4269 scripsistis

277 4314 282 4321 ·
351 4306 372 4348 a
389 4284 457 4350 Sua
472 4285 579 4369 Regia
594 4286 771 4370 Majestate
787 4289 827 4353 de
844 4289 939 4354 factis
957 4290 1162 4357 Turcborum
1178 4293 1212 4357 in
1227 4293 1314 4357 hunc
1340 4295 1484 4374 modum,

352 4393 440 4472 quod
466 4395 586 4478 quippe
611 4417 676 4461 non
697 4417 778 4480 opus
803 4403 883 4479 erat,
909 4403 945 4462 ut
970 4399 1130 4484 Majestas
1156 4400 1224 4466 Sua
1248 4402 1373 4485 gratias
1397 4401 1486 4467 ullas

352 4500 447 4563 nobis
473 4510 595 4589 ageret,
621 4504 709 4588 quod
733 4509 938 4574 comunicare
965 4509 1159 4574 voluerimus
1187 4530 1296 4574 secum
1320 4531 1415 4575 unam
1436 4510 1485 4578 ita
