3268 5308
641 367 735 431 1462.
909 327 913 342 ’
958 348 976 386 ”
1189 375 1249 436 137

120 564 193 607 ram
204 543 348 606 misimus
366 542 409 607 ad
425 563 538 609 manus
549 543 727 609 Raetorum
738 551 930 610 nostrorum.
951 545 1129 612 Grossetos
1140 555 1250 614 autem

8 685 9 690 ι
110 651 284 734 'predictos
301 651 420 716 incisos
437 651 643 735 consignabis
659 651 829 736 Majestati
845 651 918 733 Sue,
935 659 971 717 ut
986 653 1060 728 illos
1077 653 1156 719 dare
1180 678 1251 739 pos·

7 817 10 822 .
121 760 164 823 sit
180 757 313 841 Nuntio,
332 780 427 842 quem
443 761 551 824 mittet
566 760 591 826 J
592 760 718 841 adram,
735 761 777 824 ad
792 759 1016 842 accipiendum
1036 759 1179 843 prefatos
1194 762 1251 829 HI

7 911 8 914 ,
120 865 210 932 mille
225 864 375 948 florenos,
392 871 428 933 ut
443 869 515 950 ipsa
540 869 748 951 contrasigna
776 865 947 934 ostendere
974 870 1077 951 possit
1103 868 1252 936 Rectori·

6 1031 11 1046 ,
120 972 182 1039 bus
198 971 224 1038 J
225 974 313 1062 adro,
332 975 388 1056 qui
404 977 450 1040 eis
465 977 542 1039 visis
559 976 723 1041 numerari
747 975 871 1041 faciant
896 976 957 1041 sibi
982 977 1136 1058 pecunias
1160 983 1251 1044 aute·

6 1085 8 1090 '
120 1081 235 1163 dictas,
251 1083 337 1146 sicut
352 1084 399 1147 eis
420 1081 571 1147 dedimus
597 1084 631 1148 in
655 1083 884 1164 mandabant
908 1081 1099 1148 deferantur
1124 1084 1250 1150 Sereni-

118 1189 182 1254 tati
198 1188 274 1272 Sue,
299 1190 427 1272 sintque
452 1190 513 1257 sibi
537 1190 642 1256 favori
673 1196 788 1256 contra
818 1189 953 1255 'Iurcoa
984 1189 1143 1274 Reliquos
1174 1212 1250 1258 vero

5 1341 7 1358 ι
119 1297 249 1362 mittere
274 1298 374 1362 etiam
399 1298 593 1379 curabimus,
619 1319 684 1381 quo
711 1297 847 1363 celerius
864 1319 933 1363 esse
958 1299 1092 1380 poterit,
1115 1299 1167 1364 vel
1191 1320 1249 1382 per

5 1393 16 1448 '·
118 1404 211 1486 banc,
228 1406 278 1470 vel
294 1426 354 1498 per
368 1405 468 1471 aliam
485 1403 579 1488 viam3
602 1427 700 1490 quam
716 1406 892 1490 meliorem,
918 1408 1161 1489 cautioremque
1177 1425 1248 1472 esse
1273 1446 1275 1450 -

118 1514 312 1579 noverimus.
352 1513 442 1585 Bene
472 1521 582 1580 autem
612 1513 743 1600 rogabis
776 1517 880 1580 nostri
911 1519 1005 1597 parte
1036 1514 1249 1599 Majestatem

119 1620 232 1701 Suam,
248 1620 333 1686 sicut
348 1642 408 1705 per
423 1621 506 1688 alias
521 1621 581 1688 tibi
599 1622 747 1704 diximus,
758 1611 794 1688 ut
808 1645 847 1688 ex
862 1620 973 1686 multis
989 1621 1082 1687 bonis
1092 1623 1249 1703 respecti·

3 1715 6 1816 ζ
52 1779 55 1784 .
116 1727 178 1794 bus
194 1729 298 1796 libeat
314 1751 382 1796 rem
398 1733 497 1798 istam
512 1731 634 1798 habere
651 1733 901 1797 secretissimam
910 1729 998 1814 apud
1008 1750 1051 1794 se.
1061 1729 1113 1794 De
1124 1734 1248 1813 quanto

11 1844 15 1854 '
117 1859 174 1922 per
190 1844 223 1902 to
238 1836 304 1919 fiet,
320 1860 359 1904 ac
375 1839 415 1904 de
430 1841 522 1908 novis
538 1847 572 1906 et
589 1841 662 1925 alijs
690 1838 914 1906 occurentibus
933 1837 1049 1904 reddes
1072 1860 1132 1931 nos
1148 1838 1249 1904 conti·

3 2005 6 2026 ,
117 1947 190 2009 nuis
206 1947 273 2010 tuis
289 1946 407 2012 litteris
426 1949 590 2013 certiores.

224 2056 271 2121 Iit
286 2078 325 2121 en
341 2078 427 2122 nunc
443 2064 572 2140 captum
588 2059 640 2138 sit,
657 2056 743 2140 quod
768 2077 825 2140 per
850 2057 953 2122 virum
979 2054 1121 2121 nobilem
1152 2049 1248 2118 Alai·-

2 2165 3 2208 ³
117 2165 199 2228 sium
218 2163 327 2230 Diedo
353 2187 439 2233 nunc
463 2165 719 2248 proficiscentem
751 2162 913 2232 Comitem
943 2162 1049 2230 Jadre
1074 2164 1247 2228 mittantur

117 2271 195 2337 dicti
211 2272 326 2337 floreni
342 2278 409 2338 tres
425 2273 523 2338 mille.

224 2378 267 2461 ΔΓ
317 2384 378 2444 ina
426 2415 468 2426 -
519 2384 533 2442 1
583 2416 626 2426 -
675 2384 701 2443 ι.

223 2542 381 2604 (Veleuozei
397 2543 481 2593 uillam
496 2537 574 2607 lter.)

618 2983 621 2988 '
654 2973 705 3032 87.

15 3195 19 3202 .
116 3137 210 3202 1462.
228 3134 258 3200 Α
276 3134 427 3200 velenoeee'
452 3133 673 3197 attentandos
690 3125 881 3216 Sagundino
907 3129 1031 3196 Miletos
1056 3131 1165 3194 romae‘
1190 3131 1246 3195 kt·-

117 3246 191 3308 uettt
207 3244 359 3328 utasitjn‚
384 3245 464 3328 boqy
480 3265 519 3306 oz
545 3240 699 3306 erdeklett
718 3237 843 3325 tiqynek
862 3235 976 3302 Sancti
1002 3234 1121 3325 Angele'
1145 3238 1246 3305 biber·

402 3349 498 3416 nobot
513 3350 544 3412 ie
559 3348 747 3433 meqnyerni
765 3345 959 3436 iqyelcezze'k.

114 3545 386 3614 MCOOOLXII.
403 3546 454 3610 die
471 3546 570 3611 tercio
586 3545 611 3610 J
613 3545 691 3627 unij.

220 3653 465 3737 Circumspeoto
507 3660 539 3718 et
579 3652 727 3736 Sapienti
766 3650 848 3716 Viro
881 3649 1018 3716 Nicolao
1051 3650 1243 3733 Sagundino

9 3827 15 3836 ,
114 3762 296 3829 Secretario
313 3767 425 3827 nostro
442 3761 485 3826 ad
501 3761 669 3828 Summum
688 3757 891 3823 Pontificem.

81 3875 142 3935 ¹2·
160 3869 331 3952 Sapientes
352 3867 487 3952 oonnnj
591 3885 747 3951 unone!
780 3882 920 3948 nescite
962 3883 1162 3949 sunnonis
1194 3884 1246 3950 iu-

205 4000 219 4035 »
284 3977 338 4043 bf·
355 3982 489 4058 θΧῦθΡῘΟ
545 4001 614 4058 tere
654 3998 710 4057 tue
750 3991 876 4055 dierum
916 3987 1040 4054 XIIII.
1075 3988 1176 4059 XVI.
1211 3998 1244 4056 et

114 4084 308 4150 Ni⁰01³0d0
326 4081 430 4150 Canai
495 4131 497 4143 >
547 4100 665 4168 XVII.
695 4097 778 4182 Maij
805 4097 979 4162 novissime
1006 4096 1099 4178 lapsi,
1126 4096 1244 4179 quibus

328 4154 497 4189 .-...-..-Ι

10 4249 15 4257 -
112 4212 256 4276 novimus
273 4217 369 4294 gesta
384 4231 442 4292 per
459 4215 491 4274 te
507 4209 596 4292 aqud
613 4207 805 4274 Pontificem
822 4206 1004 4272 Maximum
1019 4206 1054 4268 in
1083 4206 1244 4270 executio·

114 4339 186 4383 nem
209 4320 441 4384 mandatorum
467 4326 663 4398 nostrorum,
688 4323 720 4382 et
740 4315 817 4398 quid
834 4312 1011 4380 Beatitudo
1028 4313 1096 4380 Sua
1112 4334 1244 4396 respon-

114 4424 198 4489 derit
211 4426 280 4507 tibi,
295 4427 466 4509 presertim
482 4424 647 4492 difficilem
662 4423 811 4489 iaciendo
827 4423 1012 4488 missionem
1024 4419 1241 4486 Reverendis-

117 4534 187 4598 simi
203 4532 387 4600 Cardinalis
405 4533 519 4599 Sancti
536 4531 658 4617 Augeli
676 4534 794 4616 Legati
814 4533 847 4596 in
864 4530 1080 4614 Hungariam,
1096 4540 1168 4598 turn
1194 4555 1246 4601 ra·
