3256 5304
404 375 469 440 270
756 388 990 436 ornnourczmr
1007 377 1175 436 animaru.

403 553 504 620 Suam
531 553 574 617 ad
600 551 748 616 effectum
773 550 965 634 predictum,
989 556 1021 614 et
1046 551 1089 615 ad
1105 550 1333 615 solicitandum
1350 555 1525 634 apparatus
1605 527 1606 570 ³

403 683 485 742 suos,
501 667 539 726 ut
553 661 703 725 celeriter
719 679 790 724 esse
799 659 901 741 possit
912 660 945 722 in
955 665 1072 739 castra,
1088 659 1130 723 ad
1141 658 1398 742 propulsandam
1409 659 1525 722 rabiem
1605 669 1606 676 ’

402 769 627 834 immanissimi
644 767 756 847 bostis,
772 789 846 831 cum
861 774 977 832 eterna
992 766 1091 832 laude
1106 773 1140 830 et
1155 765 1332 832 immortali
1349 766 1457 850 gloria
1467 787 1527 848 sua,
1605 779 1607 846 ζ

402 875 611 942 certificando
626 874 845 941 Serenitatem
855 872 967 958 Suam,
982 875 1070 958 quod
1085 881 1211 958 quanto
1226 895 1398 957 possumus
1416 873 1526 970 studia,
1606 893 1607 966 ]

402 986 582 1050 curavimus
598 989 632 1047 et
656 1002 806 1046 curamus
830 988 900 1046 tam
915 980 1003 1066 apud
1020 981 1188 1047 Summum
1204 982 1408 1062 Pontificem,
1434 1001 1526 1064 quam
1606 1051 1607 1054 Ἴ

403 1091 492 1178 apud
508 1092 591 1156 alios
605 1090 770 1173 principes
786 1089 994 1170 christianos,
1019 1095 1104 1154 utet
1119 1090 1182 1172 ipsi
1198 1090 1296 1153 etiam
1312 1088 1441 1155 favores
1457 1109 1527 1152 suos
1606 1113 1607 1148 ς

403 1204 551 1284 prestent
566 1197 737 1280 Majestati
753 1194 829 1279 Sue,
854 1202 892 1261 ut
907 1199 1074 1280 potentius
1089 1205 1123 1264 et
1139 1197 1255 1263 melius
1270 1198 1447 1281 proaedere
1461 1219 1527 1282 pos·

403 1311 455 1392 sit,
479 1327 710 1392 speramusque
735 1313 767 1370 et
792 1307 984 1371 confidimus
1001 1327 1135 1390 operam
1150 1307 1236 1371 banc
1251 1313 1398 1372 nostram
1414 1307 1526 1372 bonum

404 1416 545 1480 fructum
560 1415 742 1497 parituram
761 1435 841 1478 esse.
856 1413 1025 1478 Romanus
1042 1435 1169 1496 quoque
1185 1413 1339 1480 Pontifex
1355 1436 1407 1479 res
1423 1435 1526 1479 omnes

405 1544 482 1588 suas
498 1522 653 1606 disponit,
669 1529 706 1586 ut
720 1520 764 1586 ad
779 1528 925 1587 sanctam
943 1522 1026 1587 hano
1041 1523 1281 1605 expeditionem
1298 1523 1526 1606 proficiscatur.

405 1633 447 1697 Id
471 1634 577 1715 ipsum
602 1629 655 1695 111.
680 1629 723 1694 D.
739 1630 817 1696 Dux
832 1630 1023 1714 Burgundio
1040 1629 1145 1696 iacere
1161 1631 1307 1714 studeat3
1331 1654 1391 1697 nos
1407 1653 1527 1716 quoque

404 1742 493 1806 ultra
517 1741 603 1804 vires
629 1745 811 1817 terrestres
836 1760 919 1822 quas
938 1739 1008 1822 jam
1032 1740 1067 1802 in
1091 1739 1240 1822 partibus
1256 1742 1410 1820 Amores,
1438 1762 1526 1824 quam

405 1848 551 1914 Albanie
576 1846 723 1929 quotidie
749 1847 953 1911 incessanter
976 1867 1097 1928 augere
1128 1847 1302 1930 studemus
1334 1847 1527 1931 disponimus

406 1978 479 2020 cum
503 1977 646 2040 persona
670 1956 813 2038 propria,
839 1956 943 2020 auctis
967 1955 1090 2020 viribus
1114 1961 1182 2022 tam
1206 1959 1328 2022 nostris
1353 1958 1528 2036 maritimis,

407 2085 505 2147 quam
520 2061 738 2142 terrestribus,
765 2062 807 2126 ad
824 2062 907 2125 banc
924 2069 1071 2126 sanctam
1087 2063 1334 2145 expeditionem,
1358 2064 1527 2130 auxiliante

406 2171 479 2237 Deo
504 2171 672 2254 proficisci,
697 2177 730 2235 et
755 2171 888 2235 comites
913 2192 984 2235 esse
1010 2169 1162 2234 Pontifici
1180 2169 1336 2255 blaxim0,
1362 2179 1395 2237 et
1409 2170 1527 2256 prefato

406 2281 457 2346 Ill.
474 2281 615 2346 Domino
633 2280 728 2344 Duoi.

516 2389 686 2455 Habemus
718 2409 847 2471 quoque
879 2388 967 2472 apud
1000 2387 1248 2454 Serenissimum
1277 2389 1403 2472 Regem
1432 2389 1529 2454 Fran-

407 2497 541 2562 chorum
566 2519 665 2561 unum
693 2494 868 2562 Oratorem
892 2501 1049 2577 nostrum,
1081 2498 1137 2579 qui
1163 2497 1283 2561 litteris
1314 2498 1380 2560 suis
1411 2495 1527 2560 dierum
1609 2499 1610 2504 ’

408 2604 586 2673 XXVIII.
603 2611 637 2670 et
653 2603 794 2668 XXIX.
808 2603 834 2666 J
836 2604 962 2686 anuarij
990 2605 1117 2668 decursi
1135 2604 1330 2688 significavit
1345 2604 1438 2670 nobis
1453 2603 1528 2686 opti-

408 2735 495 2778 mam
511 2719 650 2778 mentem
668 2719 701 2777 et
717 2713 963 2796 dispositionem
979 2713 1168 2796 Majestatis
1185 2711 1260 2795 Sue,
1285 2735 1349 2797 que
1375 2711 1528 2797 optulerat

409 2821 447 2886 X
473 2822 563 2887 mille
597 2820 772 2887 bellatores
804 2827 947 2886 armatos
973 2826 1005 2885 et
1029 2820 1189 2886 bonarum
1215 2822 1363 2905 gentium
1387 2822 1429 2887 ad
1452 2821 1529 2884 hanc

409 2936 556 2997 sanctam
573 2927 829 3012 expeditionem,
853 2930 909 2995 sed
925 2950 1054 2994 necesse
1069 2929 1138 2994 fore
1154 2930 1436 3011 commemorabat,
1451 2927 1529 3010 quod

408 3040 460 3106 vel
475 3041 656 3122 concordia,
671 3039 723 3104 vel
739 3045 875 3122 treugae
891 3044 1104 3122 sequerentur
1113 3040 1199 3105 inter
1210 3037 1428 3104 serenitatem
1438 3036 1528 3103 Suam

410 3156 442 3214 et
458 3149 582 3232 Regem
598 3147 730 3231 Anglie,
756 3169 819 3229 que
846 3147 1118 3213 existimabantur
1133 3147 1241 3213 locum
1257 3147 1444 3213 habiturum
1459 3165 1529 3225 esse,

409 3258 615 3338 maximeque
630 3257 863 3321 interveniente
879 3257 1033 3320 mandato
1044 3255 1167 3320 Summi
1179 3255 1358 3338 Pontificis,
1373 3257 1529 3321 inhibente

410 3362 557 3448 Regibus
582 3364 647 3428 illis
662 3364 786 3431 bellum
802 3365 862 3429 sub
879 3365 1024 3428 censuris
1039 3371 1190 3447 respectu
1207 3364 1282 3430 fidei
1298 3371 1332 3430 et
1348 3371 1417 3447 ect3
1440 3383 1527 3448 quam

410 3471 635 3537 inhibitionem
651 3473 780 3557 Papam
794 3474 864 3556 jam
881 3473 995 3538 fecisse
1011 3479 1167 3556 tenemus,
1194 3476 1467 3558 sequentibusque
1481 3492 1530 3536 seu

412 3583 557 3663 treuguis
574 3580 757 3664 antedictis,
773 3581 846 3645 Rex
858 3579 979 3664 Anglie
995 3582 1212 3665 proculdubio
1228 3583 1361 3648 mittere
1372 3586 1529 3648 contentus

411 3695 497 3754 esset
512 3688 626 3753 saltem
644 3688 676 3756 V
692 3689 780 3755 mille
797 3689 981 3773 bellatores,
1007 3691 1066 3754 sub
1084 3690 1183 3755 ductu
1200 3690 1254 3755 Ill.
1270 3691 1374 3756 Ducis
1390 3691 1529 3773 Burgun-

411 3796 474 3861 die.
507 3796 726 3863 Remanserat
751 3798 883 3882 insuper
908 3797 988 3862 bene
1014 3805 1182 3864 contentus
1208 3800 1283 3865 Rex
1308 3799 1531 3872 Franchorum

412 3906 502 3988 quod
527 3905 735 3988 exigerentur
759 3907 881 3971 decime
906 3908 940 3970 in
957 3928 1058 3989 regno
1075 3929 1142 3987 suo,
1170 3907 1381 3990 indulgentie,
1407 3913 1438 3972 et
1452 3902 1530 3970 bulle

412 4011 538 4078 Summi
554 4011 724 4079 Pontificis
748 4013 1002 4097 publicarentur,
1028 4036 1067 4079 ex
1091 4015 1209 4098 quibus
1234 4015 1409 4081 haberetur
1424 4029 1531 4094 magna

412 4141 537 4185 summa
563 4122 797 4203 pecuniarium.
838 4120 921 4186 Cum
945 4124 1058 4203 itaque
1083 4129 1215 4188 auctore
1231 4123 1313 4205 Deo,
1339 4124 1446 4188 omnia
1460 4121 1531 4186 bene

414 4227 638 4312 disponantur,
663 4230 777 4294 virtuti
797 4237 830 4295 et
845 4231 1110 4313 magnanimitati
1127 4231 1230 4313 Regie
1245 4231 1432 4315 Majestatis
1448 4228 1531 4293 Hun-

413 4336 505 4417 garie
531 4357 735 4420 summopere
760 4339 918 4418 convenit,
949 4338 1048 4405 veluti
1081 4338 1243 4404 catholico
1269 4339 1425 4422 Principi,
1455 4331 1531 4400 omni

413 4443 520 4507 studio
538 4444 627 4527 eniti,
643 4451 680 4509 ut
696 4465 734 4509 ex
752 4453 846 4529 parte
864 4446 931 4513 Sua
947 4447 980 4511 in
997 4446 1150 4512 bonorem
1161 4448 1236 4528 Dei,
1252 4452 1460 4528 eternamque
1475 4461 1531 4505 me·

413 4552 551 4616 moriam
568 4573 669 4636 suam,
685 4554 767 4618 nihil
784 4557 824 4620 de
839 4555 1049 4639 possibilibus
1065 4556 1294 4639 pretermittat,
1311 4561 1347 4619 ut
1363 4554 1464 4619 hostis
1478 4551 1531 4618 iste
1589 4549 1592 4562 '
