3256 5304
375 332 436 394 186
723 347 956 392 orrnonuczrnr
981 327 1146 390 aurdanu.

480 507 576 592 Quod
602 507 728 588 agimus
745 507 865 572 multas
882 507 1005 589 gratias
1022 502 1345 570 ExcsDominatioui
1360 501 1425 566 Sue
1440 521 1502 583 pro

372 617 526 685 fraternis
550 621 581 680 et
606 611 831 680 amicabilibus
857 611 1171 679 comunioationibus
1196 609 1366 675 nobiscum
1398 607 1504 688 factis,

375 747 456 810 quas
468 722 643 807 procedere
654 724 733 786 certi
746 743 856 788 sumus
867 743 887 786 a
899 728 1049 787 consueta
1060 739 1179 803 magna
1189 718 1360 783 affectione
1371 716 1504 784 etbcui-

373 833 515 898 volentia
532 832 565 895 in
582 849 641 895 nos
657 851 734 909 sua;
766 850 956 914 responsum
974 834 1084 895 autem
1101 827 1224 894 factum
1241 847 1299 909 per
1315 825 1369 890 Ill
1385 823 1502 891 Domi-

374 941 539 1005 nationem
556 936 656 1003 Suam
672 933 815 1002 Domino
833 935 968 1016 Teucr0,
995 935 1035 999 de
1061 932 1257 1011 bombardis,
1285 931 1438 1014 gentibus
1466 935 1504 995 et

373 1052 450 1112 ect:
475 1050 588 1110 contra
603 1043 782 1126 Raguseos,
808 1047 967 1124 tanquam
987 1041 1122 1123 dignum
1139 1037 1286 1105 Oatolioo
1305 1039 1450 1104 Domino
1467 1042 1505 1104 et

373 1176 437 1220 non
468 1154 574 1218 miuus
605 1153 837 1236 gratissimum,
873 1171 972 1233 quam
1003 1147 1290 1233 prudentissimum
1323 1145 1504 1230 plurimum
1571 1175 1574 1178 ·

373 1261 554 1330 laudamus.
1617 1243 1621 1268 ³

480 1366 537 1436 Ad
562 1372 690 1450 partem
715 1365 852 1449 consilij,
879 1365 966 1447 quod
983 1364 1049 1430 Sua
1064 1362 1271 1430 Excellentia
1296 1382 1317 1424 a
1333 1360 1428 1426 nobis
1446 1359 1505 1424 ha-

373 1478 449 1542 bere
465 1477 559 1559 petit,
575 1497 634 1558 pro
651 1476 803 1559 pecunija
820 1494 901 1556 quas
913 1471 1038 1538 Turnus
1055 1471 1097 1537 ab
1114 1491 1153 1537 eo
1163 1471 1342 1552 requisivit,
1358 1467 1505 1546 dicimus,

376 1583 465 1668 quod
490 1582 695 1648 considerata
720 1580 948 1660 benivolentia,
975 1602 1073 1662 quam
1100 1579 1161 1644 sibi
1177 1579 1330 1660 gerimus,
1358 1576 1507 1658 cupimus

374 1689 518 1775 prolecto
544 1691 577 1752 in
602 1690 698 1754 rebus
725 1688 875 1752 omnibus
909 1690 938 1752 ei
973 1686 1115 1752 fraterne
1142 1685 1319 1764 consulere,
1355 1704 1419 1766 que
1446 1681 1509 1748 sibi

374 1797 551 1864 honorifica
576 1803 609 1862 et
635 1794 803 1862 commoda
829 1815 898 1860 esse
924 1796 1069 1878 possint;
1091 1793 1230 1875 ideoque
1246 1791 1393 1872 dicimus,
1419 1789 1509 1873 quod
1545 1875 1547 1879 ἁ

374 1910 502 1972 attenta
511 1903 721 1987 dispositione
732 1909 765 1970 et
775 1901 1144 1986 pe1·tidiaTurchi,nullo
1154 1905 1253 1984 pacto
1264 1899 1326 1964 sibi
1336 1919 1510 1982 possemus

377 2011 552 2093 consulere,
577 2010 664 2094 quod
690 2013 720 2074 ei
746 2010 841 2076 daret
865 2013 1019 2094 pecunias
1045 2031 1129 2090 suas,
1154 2029 1217 2092 que
1243 2007 1338 2072 facile
1364 2007 1510 2074 converti

377 2125 509 2203 possent
526 2118 569 2183 ad
585 2118 705 2184 damna
722 2122 754 2183 et
767 2119 914 2202 jacturas
930 2118 1131 2184 Excellentie
1142 2117 1225 2200 Sue3
1242 2117 1299 2182 sed
1315 2135 1511 2180 commemo·
1591 2154 1594 2161 -
1620 2151 1621 2160 κ

375 2247 484 2294 ramus
510 2231 543 2290 et
567 2224 750 2305 laudamus,
777 2226 864 2308 quod
882 2226 968 2292 idem
984 2225 1037 2291 Ill.
1054 2224 1095 2290 D.
1111 2247 1171 2308 per
1187 2225 1260 2290 illos
1278 2223 1509 2289 couvenientes

377 2341 410 2400 et
425 2331 694 2417 prudentissimos
711 2333 833 2414 modos,
851 2336 906 2415 qui
923 2334 986 2399 sibi
999 2333 1203 2415 videbuntur,
1220 2333 1400 2397 remistam
1410 2329 1509 2394 decli-

376 2463 455 2507 nare
486 2441 612 2520 debeat,
644 2447 676 2506 et
707 2461 898 2505 conservare
931 2441 992 2505 sibi
1018 2441 1171 2524 pecunias
1196 2442 1229 2504 in
1256 2437 1511 2522 opportunitati·

378 2548 440 2612 bus
458 2549 533 2611 suia.
1441 2632 1444 2636 ἱ

485 2650 581 2718 Oinoa
598 2676 645 2736 ea,
662 2675 724 2737 que
741 2657 906 2738 pertinent
922 2653 964 2718 ad
981 2653 1154 2719 adventum
1166 2651 1318 2720 Oratoris
1330 2653 1448 2718 Teucri
1465 2652 1511 2717 ad

378 2781 447 2844 nos,
472 2760 617 2842 dicimus
644 2761 732 2843 quod
757 2783 796 2826 ex
813 2761 872 2840 his,
898 2783 960 2844 que
976 2761 1069 2826 nobis
1085 2762 1206 2842 retulit,
1232 2761 1357 2826 videtur
1374 2783 1450 2826 eum
1465 2760 1510 2825 ad

379 2891 437 2935 nos
462 2871 587 2935 venisse
612 2890 671 2952 pro
694 2869 859 2934 nonnullis
876 2867 1067 2953 differentijs
1083 2866 1335 2952 particularibus
1352 2874 1512 2933 mercato-

378 3000 451 3043 rum
477 2985 660 3044 nostrorum
686 2984 719 3043 et
736 2979 921 3060 aliquorum
944 2977 1138 3043 damnorum
1155 2978 1333 3058 illatorum,
1358 2977 1437 3041 licet
1453 2997 1512 3041 uos

380 3086 611 3163 existimemus,
637 3086 725 3167 quod
749 3087 857 3169 potius
873 3083 957 3149 forte
974 3086 1099 3149 venerit
1114 3106 1173 3167 pro
1190 3082 1398 3167 explorandis
1414 3083 1513 3148 rebus

381 3193 513 3272 nostris,
543 3197 580 3256 ut
605 3193 677 3274 ipsa
702 3195 802 3257 etiam
828 3198 922 3275 parte
948 3192 1081 3257 Domini
1116 3194 1166 3258 sui
1187 3197 1513 3269 ·commemoraruut;

380 3297 517 3387 ideoque
543 3297 689 3380 dicimus,
717 3299 804 3380 quod
830 3301 963 3364 attentis
981 3301 1108 3365 artibus
1125 3306 1157 3364 et
1174 3301 1322 3384 versutijs
1339 3302 1415 3379 suis,
1442 3297 1514 3363 dili-

380 3408 493 3486 gentes
503 3403 667 3486 pret'atum
678 3403 857 3470 Dominum
869 3408 952 3469 sicut
963 3407 1167 3470 carissimum
1176 3405 1322 3488 fratrem,
1336 3405 1513 3472 laudamus

380 3511 566 3596 plurimum,
592 3518 626 3576 et
651 3513 821 3581 hortamur
836 3537 909 3580 eum
926 3513 969 3578 ad
986 3536 1019 3579 se
1036 3514 1220 3592 uniendum,
1246 3521 1278 3579 et
1293 3515 1376 3579 bene
1393 3513 1513 3589 intelli-

382 3618 522 3700 gendum
548 3641 621 3684 cum
639 3619 852 3687 Serenissimo
868 3622 961 3704 Rege
978 3623 1126 3702 Bossine,
1152 3628 1188 3685 ut
1203 3624 1237 3685 in
1253 3623 1513 3687 omnem'casum

382 3727 481 3790 unitis
506 3727 628 3792 viribus
654 3750 688 3793 se
713 3731 797 3796 tueri
814 3735 949 3812 possent
966 3736 1079 3795 contra
1095 3749 1267 3794 comunem
1283 3729 1417 3810 hostem,
1444 3727 1517 3793 lau-

383 3831 498 3899 damus
524 3855 653 3918 quoque
679 3857 884 3918 magnopere,
910 3843 946 3901 ut
962 3839 1072 3920 ipsum
1087 3836 1189 3900 iaciat
1205 3858 1278 3900 cum
1296 3835 1514 3902 Serenisaimo

382 3939 476 4026 Rege
492 3942 673 4025 Hungarie,
690 3951 725 4007 ut
740 3945 914 4026 potentiori
931 3965 1030 4007 manu
1047 3963 1080 4008 se
1096 3945 1191 4027 tueri,
1219 3948 1251 4006 et
1267 3946 1366 4009 etiarn
1383 3943 1514 4008 hostem

383 4047 547 4115 offendere
571 4052 715 4132 possint;
740 4071 815 4114 nam
833 4056 866 4115 et
882 4072 941 4115 nos
958 4051 1141 4116 advisamus
1156 4051 1394 4118 Excellentiam
1410 4071 1514 4133 snam,

385 4155 472 4238 quod
496 4157 583 4239 apud
600 4156 632 4222 S.
650 4157 841 4222 Pontificem
867 4158 981 4223 damus
1008 4159 1228 4224 omnimodam
1247 4181 1397 4242 operam,
1424 4159 1513 4241 quod

384 4264 497 4328 mittat
512 4263 619 4328 subito
636 4266 669 4328 in
679 4264 888 4348 Hungariam
901 4288 1000 4329 unum
1011 4266 1329 4332 Reverendissimum
1340 4267 1514 4350 Legatum,

385 4392 457 4434 cum
481 4371 717 4453 provisionibus
744 4375 942 4455 opportunis,
967 4379 1004 4436 ut
1028 4375 1092 4455 ipsi
1107 4374 1192 4456 Regi
1218 4380 1402 4458 augeantur
1428 4376 1514 4440 vires

385 4479 530 4567 gentium
555 4483 587 4543 et
612 4479 737 4554 favores
764 4487 878 4544 contra
904 4478 1069 4573 prefatum
1093 4481 1230 4567 hostem,
1257 4483 1290 4545 in
1316 4504 1381 4570 qua
1397 4505 1433 4548 re
1451 4505 1510 4548 nos
