3268 5308
347 371 410 432 134
699 381 932 428 orrnounozmr
949 367 1117 426 suranus.

235 567 238 572 ·
345 547 465 629 Legati
481 546 666 609 missionem
686 544 853 624 signanter
869 540 1083 604 necessariam
1097 537 1291 620 judicamus,
1307 542 1344 602 ut
1355 537 1396 602 ob
1408 537 1473 620 ejus

343 653 592 737 reputationem,
602 649 729 715 Prelati
740 649 925 714 etBarones
936 646 1026 729 regni
1036 647 1137 728 magis
1147 644 1317 728 ferventes,
1327 644 1472 711 obedien·
1560 723 1564 731 r

342 769 454 844 tesque
469 757 656 837 reddantur,
676 762 775 839 utque
800 755 935 839 pecunie
952 755 1012 818 iste
1029 754 1061 817 iu
1079 751 1296 820 conducendis
1316 751 1471 818 militibus

343 873 459 932 contra
475 864 625 930 infideles.
636 864 758 929 utiliter
774 863 1015 945 dispensentur3
1033 881 1162 926 oramus
1182 861 1294 944 itaque
1310 858 1474 926 Sanctita-

343 982 409 1040 tem
437 971 589 1038 Vestram
615 977 648 1036 et
667 971 798 1035 summis
823 967 971 1052 precibus
1003 965 1231 1050 supplicamus,
1246 971 1283 1032 ut
1309 967 1472 1051 quamcito

345 1080 543 1162 gravissimis
560 1077 710 1160 periculis
726 1078 798 1140 istis
809 1076 976 1150 Sanctitas
991 1074 1113 1142 Vestra
1129 1073 1282 1156 dignetur
1297 1074 1474 1138 advertere,

344 1187 530 1254 missionem
548 1186 664 1266 Legati
689 1184 878 1262 accelerare,
904 1188 1033 1246 etcum
1059 1179 1131 1264 alijs
1156 1180 1379 1262 potentatibus
1405 1179 1475 1245 reli·
1524 1191 1529 1198 '

346 1317 445 1380 quum
462 1292 672 1376 pecuniarum
694 1290 827 1374 presidij
844 1289 948 1372 istiuS,
971 1293 1007 1352 ut
1024 1285 1085 1351 sibi
1102 1308 1220 1370 equum
1237 1286 1409 1369 videbitur,
1433 1286 1475 1352 ad

347 1399 535 1466 evitandum
559 1404 689 1464 tantum
714 1395 873 1462 excidium
898 1393 1058 1478 expedire.
1100 1393 1141 1460 Id
1166 1393 1311 1478 profecto
1337 1392 1378 1460 V.
1404 1391 1475 1458 clt-

347 1508 468 1574 mentie
484 1507 622 1572 maxime
638 1505 728 1572 laudi
743 1511 778 1570 et
794 1508 904 1570 eterne
922 1503 1026 1586 glorie
1043 1501 1287 1568 attribuendum
1304 1501 1374 1566 erit.

456 1614 498 1698 1-
549 1616 611 1678 142
659 1650 701 1658 -—
750 1618 769 1676 Β
817 1647 860 1657 -
910 1614 959 1676 16.

455 1775 613 1837 (Velenczei
628 1775 712 1824 sillam
726 1774 781 1825 lter
796 1779 836 1824 88.
853 1767 882 1833 1.)

833 1967 990 1979 Μ

887 2205 938 2265 85.

353 2372 446 2433 1462.
465 2365 493 2430 sl
511 2368 663 2432 velenezei
680 2366 898 2431 ullamtandes
914 2387 953 2426 uz
980 2364 1078 2428 elatu·
1106 2325 1225 2451 itpyben
1252 2365 1361 2430 romei
1386 2366 1476 2431 lebus-

618 2475 659 2538 te‘t
677 2471 872 2558 Sapientiae
889 2469 1024 2536 Mittere
1040 2473 1209 2558 taddeitju.

348 2663 624 2730 MOOOOLXH.
641 2667 693 2730 die
711 2673 835 2750 quanto
854 2666 947 2750 Maij.

454 2770 699 2855 Circumspecto
734 2779 765 2837 et
801 2771 949 2856 Sapienti
986 2769 1066 2840 Viro
1101 2773 1240 2841 Nicolao
1286 2774 1475 2860 Sagundino

352 2880 538 2948 Secretario
554 2886 666 2945 nostro
684 2879 726 2944 ad
741 2880 912 2964 Summum
930 2879 1131 2946 Pontificem.

349 2985 733 3076 811Ῐὲ1111θὸΟθῐῑὸὓῑ1θ131
825 3005 981 3072 Nicolae!
1012 3008 1065 3072 Ex
1090 3007 1150 3087 his,
1177 3029 1239 3090 que
1261 3009 1478 3093 jampridem

441 3118 455 3160 »
549 3099 572 3158 l·
588 3093 609 3156 f·
655 3106 659 3147 s
730 3095 734 3195 l
781 3115 998 3180 habueramus
1013 3136 1072 3198 per
1088 3115 1217 3180 litteras
1243 3113 1478 3202 circumspecti

348 3185 509 3192 --—-—

226 3253 231 3258 ·
346 3217 521 3300 8111111111
540 3220 643 3282 nostri
659 3218 754 3282 Petri
779 3219 959 3304 Thomasij,
983 3219 1070 3304 apud
1094 3221 1235 3304 Regiam
1260 3222 1474 3307 Majestatem

346 3324 519 3407 Hungarie
551 3325 727 3404 existentis,
770 3327 909 3392 scribere
942 3329 1116 3395 statuimus
1147 3328 1296 3396 Romano
1322 3332 1478 3401 Pontifici

346 3431 405 3496 sub
423 3430 476 3495 die
493 3431 577 3496 XX.
594 3431 708 3516 Martij
726 3433 884 3516 preteriti,
902 3437 985 3502 sicut
1002 3459 1061 3520 per
1077 3437 1258 3521 exemplum
1283 3438 1478 3523 litterarum,

347 3536 433 3620 quod
459 3537 501 3603 ad
527 3540 575 3602 tui
592 3540 783 3623 ampliorem
799 3543 1045 3610 instructionem
1060 3545 1220 3612 mittimus
1235 3546 1286 3612 his
1311 3547 1478 3627 insertum,

348 3643 481 3725 videbis,
509 3651 541 3710 et
566 3648 608 3712 ad
633 3646 799 3714 ferendam
826 3672 930 3736 opem,
953 3651 1050 3718 rebus
1075 3651 1249 3736 Hungarie
1274 3656 1307 3718 iu
1332 3651 1477 3738 periculo

346 3752 531 3820 constitutis
558 3759 878 3824 commemoravimus
893 3761 987 3847 inter
1005 3764 1121 3841 cetera,
1147 3767 1306 3842 quantum
1331 3785 1479 3830 necessa-

345 3859 429 3924 rium
445 3861 650 3947 putabamus,
667 3865 754 3947 quod
771 3887 829 3949 per
844 3873 1032 3959 potentatus
1054 3867 1155 3935 Italic
1171 3868 1372 3945 solverentur
1388 3894 1477 3937 men·

346 3967 466 4032 suatim
483 3967 520 4032 X
532 3971 646 4052 millia,
663 3973 696 4036 iu
713 3972 789 4037 XII
809 3974 897 4040 mille
914 3976 1058 4059 ducatos,
1080 3976 1176 4060 juxta
1192 3979 1484 4067 compartitionem

346 4097 405 4158 per
421 4076 527 4158 ipsum
544 4077 711 4144 Summum
728 4079 933 4146 Pontificem*
948 4081 1140 4166 faciendam,
1165 4106 1238 4149 oum
1261 4085 1378 4169 quibus
1395 4089 1478 4154 acci-

345 4189 502 4264 perentur
519 4186 681 4268 stipendia
699 4189 733 4252 in
750 4187 927 4271 Hungaria
943 4191 1069 4272 equites
1086 4191 1161 4257 1111
1178 4193 1275 4276 mille,
1302 4195 1357 4276 qui
1373 4217 1476 4279 regno

345 4289 394 4354 illi
420 4297 534 4358 eontra
562 4293 685 4361 Tuscos
711 4295 816 4362 favori
842 4304 957 4362 essent.
984 4299 1040 4366 Ab
1066 4301 1135 4384 ejus
1161 4323 1236 4368 vero
1262 4303 1475 4370 Beatitudiue

345 4399 568 4480 superioribus
587 4401 700 4467 diebus
717 4404 899 4484 accepimus
923 4427 1122 4490 responsum,
1142 4409 1234 4492 eujus
1262 4411 1389 4494 copiam
1417 4413 1476 4475 im·
1536 4449 1540 4455 ·

345 4502 491 4582 plicitum
514 4507 565 4572 his
590 4507 719 4592 videbis,
750 4531 874 4594 nosque
895 4512 937 4576 ad
966 4513 1203 4583 declarationes
1230 4520 1426 4602 petitasper
1443 4517 1476 4585 S.
