3314 5300
661 387 754 453 1465.
1208 393 1271 457 345

148 568 262 631 nostra
277 566 320 630 ad
335 567 472 632 honores
488 573 521 631 et
536 567 740 652 beneplacita
752 567 816 635 Sue
826 568 1018 638 serenitatis
1035 595 1107 638 cum
1124 573 1272 639 omnibus

148 671 215 738 illis
241 675 367 767 amplis,
398 674 558 758 gravibus,
583 682 616 741 et
642 677 767 742 idoneis
793 677 910 760 verbis,
937 686 1077 763 quotue
1103 683 1273 765 prudentie

149 787 327 846 occurrent.
353 783 523 848 Postremo
549 783 644 864 dices,
669 790 703 849 te
719 786 766 849 ire
782 786 942 869 Legatum
956 793 1105 854 nostrum
1122 789 1164 855 ad
1181 788 1273 856 Sere-

147 891 319 956 nissimum
335 890 514 956 Dominum
530 891 654 976 Regem
665 887 845 976 Huugarie,
861 918 920 979 pro
936 898 1076 982 negotijs
1093 900 1271 963 eommunis

147 998 226 1064 belli
243 1005 356 1064 contra
373 999 523 1083 Turnum,
540 1007 572 1066 et
588 1007 717 1085 sumpta
733 1001 826 1084 bona,
850 1012 1009 1089 grateque
1026 1007 1167 1088 licentia,
1185 1007 1273 1072 solli-

149 1108 265 1174 citabis
281 1110 343 1174 iter
353 1115 444 1174 tuum
455 1109 792 1196 Hungariamversus,
809 1120 929 1198 quanto
940 1115 1126 1199 diligentius
1137 1117 1268 1197 poteris.

256 1217 436 1303 Postquam
453 1216 524 1284 Deo
541 1217 634 1285 Duce
650 1222 683 1284 in
699 1221 907 1303 Hungariam
923 1222 1127 1306 applicueris,
1153 1228 1185 1285 et
1199 1243 1270 1305 pre·

149 1327 287 1392 sentiam
312 1327 451 1410 Regiam
475 1327 623 1410 adiveris,
648 1330 845 1411 presentatis
870 1330 974 1396 literis
998 1331 1119 1395 nostris
1144 1332 1274 1396 ereden-

148 1433 293 1516 tialibus,
310 1435 469 1518 factisque
486 1437 634 1502 omnibus
650 1436 716 1501 illis
733 1437 849 1520 amplis
864 1443 897 1502 et
907 1437 1014 1520 dignis
1024 1437 1275 1503 salutationibus

150 1548 182 1606 et
208 1542 437 1624 oblationibus,
463 1565 525 1628 que
551 1543 674 1628 honori,
700 1545 917 1630 dignitatique
941 1546 1129 1632 Majestatis
1156 1544 1222 1611 Sue
1244 1553 1277 1611 01

96 1739 101 1743 ι
148 1652 263 1727 nostri,
289 1649 410 1716 fuerint
435 1652 668 1734 couvenientes,
694 1653 754 1719 sub
779 1654 837 1719 illa
853 1653 958 1720 forma
972 1657 1153 1738 verborum,
1179 1676 1276 1738 quam

151 1781 291 1842 gravem,
326 1761 522 1844 dignamque
544 1761 750 1845 judicaveris,
776 1763 881 1828 dicere
907 1771 939 1829 et
964 1785 1124 1847 exponere
1149 1763 1278 1846 debeas,

149 1867 238 1950 quod
262 1873 294 1933 10
310 1869 456 1933 misimus
473 1869 517 1933 ad
532 1871 733 1952 presentiam
750 1868 815 1936 Sue
830 1871 934 1954 Regis
949 1870 1171 1952 Oelsitudinis,
1197 1870 1276 1936 exis-

148 1981 311 2060 timantes,
328 1977 357 2042 ei
373 1997 442 2042 rem
459 1984 589 2060 gratam
605 1984 636 2044 et
648 1979 827 2063 jucundam
838 1977 955 2062 faeere,
972 2002 1031 2064 pro
1041 1986 1152 2046 mutua
1162 1987 1276 2046 nostra

148 2087 364 2152 benivolentia
389 2093 422 2153 et
448 2089 685 2172 conjunctione,
712 2094 745 2154 et
769 2095 807 2153 ut
832 2090 997 2155 semodius
1023 2089 1063 2155 de
1079 2096 1224 2172 tempore
1240 2091 1275 2154 in

153 2203 282 2280 tempus
300 2198 338 2263 de
355 2197 450 2264 rebus
468 2200 711 2264 occurrentibus
739 2206 850 2266 mutuo
877 2203 1080 2266 comunioare
1097 2200 1275 2284 possimus3

150 2312 264 2389 postea
289 2307 471 2392 subjunges,
496 2308 583 2392 quod
610 2310 692 2374 sicut
707 2309 777 2393 ejus
793 2309 1010 2376 Serenitatem
1025 2311 1146 2392 optime
1162 2330 1278 2392 cogno·

152 2415 237 2510 ¹visse
263 2437 325 2480 non
351 2416 543 2498 dubitemne,
569 2437 629 2501 per
652 2417 794 2483 reditum
819 2419 861 2484 ad
887 2440 922 2484 se
940 2419 1119 2486 Oratorem
1135 2440 1276 2500 suorum,

135 2523 209 2589 'uos
226 2523 313 2607 apud
331 2523 365 2590 S.
382 2523 587 2606 Pontificem,
603 2527 754 2592 continue
769 2529 929 2592 tenuimus
946 2533 979 2593 et
994 2531 1140 2592 tenemus
1158 2525 1277 2594 Orate.

153 2657 204 2700 res
231 2641 367 2713 nostros,
401 2641 615 2716 procurantes
641 2635 907 2720 solicitantesque
932 2635 1152 2702 Sanctitatem
1177 2634 1278 2701 Suam

150 2735 206 2807 ad‘
218 2742 399 2824 prestanda
426 2743 573 2809 subsidia
589 2744 694 2826 Regie
710 2743 878 2828 Majestati
895 2743 968 2826 Sue,
995 2764 1132 2828 quorum
1148 2742 1280 2809 assidua

153 2871 252 2933 opera
268 2851 390 2932 addita,
406 2860 476 2917 tam
487 2853 609 2936 optime
620 2852 836 2934 inclinationi,
853 2853 1125 2937 dispositionique
1136 2850 1279 2935 ejusdem

151 2958 374 3024 Beatitudinis
391 2966 535 3026 secutum
554 2966 611 3044 est,
628 2960 716 3044 quod
733 2958 930 3026 Oratoribus
946 2962 1025 3044 ipsis
1042 2962 1112 3026 dati
1129 2957 1187 3043 per
1204 2980 1279 3024 ean-

151 3070 225 3133 dem
242 3069 280 3132 B.
297 3070 385 3134 fuere
401 3057 511 3135 ducati
528 3068 636 3134 LXII
653 3071 766 3153 millia,
793 3091 872 3153 quos
889 3070 930 3134 ad
946 3070 1157 3153 Majestatem
1172 3070 1279 3152 ipsam

152 3177 279 3242 delatos
293 3179 361 3262 jam
378 3200 442 3243 uon
459 3179 653 3262 dubitamus,
671 3180 894 3262 optimumque
905 3179 1046 3242 animum
1058 3177 1089 3243 S.
1101 3176 1279 3255 PontificiS,

152 3287 195 3351 ad
210 3287 338 3351 favores
355 3293 387 3351 et
405 3288 549 3354 subsidia
564 3287 669 3352 eidem
685 3285 857 3370 Majestati
874 3287 1076 3366 conferenda,
1092 3286 1278 3352 tutandam-

151 3402 183 3460 et
199 3395 386 3476 erigendam
402 3417 471 3460 rem
488 3396 701 3460 christianam
713 3394 870 3461 Oratores
887 3396 949 3479 ipsi
965 3397 1086 3478 optime
1096 3395 1280 3477 intelligere

151 3511 346 3587 potuerunt;
364 3527 422 3569 nos
439 3525 525 3586 vere,
542 3511 574 3570 et
590 3505 617 3570 si
633 3505 833 3586 gravissimis
850 3512 882 3569 01
893 3526 976 3586 pene
988 3502 1279 3568 innumerabilibus

151 3614 304 3698 impensis
320 3635 501 3697 gravemur,
517 3614 778 3680 numerosissime
795 3613 907 3677 elassis
925 3619 956 3676 et
973 3613 1148 3678 multarum
1164 3617 1280 3676 terres-

152 3731 279 3787 trarum
305 3723 472 3806 copiarum
497 3723 531 3785 in
557 3721 695 3786 diversis
719 3722 806 3800 10010,
839 3721 1043 3802 aliarumque
1075 3719 1279 3784 infinitarum

151 3853 269 3912 rerum,
296 3853 376 3912 quas
404 3831 583 3914 singilatim
606 3851 775 3896 numerare
801 3829 933 3894 difficile
950 3835 982 3893 et
998 3830 1160 3894 tediosum
1177 3833 1279 3892 esset:

152 3939 256 4004 eidem
283 3946 393 4004 tamen
420 3939 592 4023 Majestati
618 3939 697 4004 dare
722 3960 807 4004 auno
833 3939 978 4021 presenti
1004 3935 1144 4020 polliciti
1171 3957 1279 4000 sumus

153 4047 289 4114 ducatos
306 4047 334 4112 L
350 4049 461 4132 millia,
487 4069 623 4132 quorum
639 4048 710 4115 XV
726 4047 830 4112 millia
848 4046 1046 4113 Oratoribus
1071 4045 1151 4126 ipsis
1168 4043 1220 4108 hic
1236 4042 1251 4107 f
1269 4082 1280 4094 ·

153 4157 252 4220 cimus
278 4159 451 4221 numerari.
477 4157 657 4222 Residuum
682 4179 758 4222 vero
784 4177 887 4239 usque
904 4154 947 4220 ad
964 4175 1121 4219 summam
1137 4154 1280 4218 Ducato-

152 4267 263 4330 rumL
280 4267 418 4331 millium
435 4267 474 4330 de
490 4275 634 4350 tempore
651 4268 684 4329 in
699 4273 835 4348 tempus,
848 4265 942 4348 juxta
959 4285 1067 4328 rerum
1083 4262 1280 4344 exigentiam

155 4376 242 4458 dare,
259 4377 475 4462 supplereque
493 4378 640 4444 dabimus
659 4397 801 4460 operam.

262 4483 420 4552 Oratores
445 4487 506 4568 ipsi
522 4487 717 4566 intercetera
732 4482 901 4546 nobiscum
918 4489 1054 4563 egerunt
1072 4479 1111 4544 de
1128 4479 1294 4566 subsidijs¹

155 4594 231 4661 anni
247 4592 370 4678 luturi;
403 4593 519 4680 quibus
536 4591 766 4680 respondimus,
793 4588 880 4678 quod
897 4587 1048 4658 Summus
1064 4587 1219 4656 Pontifex
1235 4593 1281 4657 eis
