3268 5308
738 305 971 356 mrrnumennu
989 289 1155 347 aurun-:unm

922 640 974 702 95.

387 799 526 872 146211
544 801 696 866 celencrer‘
711 801 926 866 attenuantes
946 801 1077 862 ocilnszo
1096 823 1114 860 α
1131 821 1270 884 mappae·
1287 799 1377 863 bocer
1389 796 1508 860 addedd·

511 915 589 974 sn'ra
613 933 634 971 a
661 909 749 970 toron
766 907 857 970 alieni
883 904 1051 988 soydlpeze's
1077 906 1260 969 mo'dozatui
1287 907 1389 968 incur.

388 1113 417 1178 2·
433 1105 602 1188 Sapientes
614 1101 768 1197 0⁰¹1⁸ffii2
863 1119 950 1203 Quia
980 1120 1177 1202 Magnificus
1214 1120 1336 1186 Orator
1373 1116 1510 1184 Serenia-

388 1219 546 1312 [J.
620 1217 643 1274 ἴ·
661 1210 679 1274 f·
765 1204 768 1310 ἱ
817 1227 888 1291 simi
904 1227 1006 1309 Regis
1023 1227 1193 1310 Hungarie
1211 1231 1287 1309 post
1305 1225 1428 1290 facturn
1452 1224 1512 1290 sibi

388 1359 579 1422 responsum
592 1338 687 1420 juxta
712 1334 978 1400 deliberationem
1003 1335 1098 1401 istius
1125 1333 1271 1417 Oonsiiij‚
1297 1334 1385 1399 circa
1408 1333 1472 1397 tria
1495 1352 1513 1394 a

390 1446 483 1512 nobis
500 1443 662 1512 declarari
678 1443 782 1526 petijt,
799 1443 905 1526 primo
922 1443 1079 1522 videlicet,
1089 1444 1220 1527 quando
1238 1443 1370 1507 mittere
1382 1439 1513 1504 velimus

392 1553 544 1642 pecunias
559 1551 719 1634 portionis
736 1555 847 1617 nostre
863 1549 1004 1614 Domino
1021 1571 1079 1614 suo
1094 1549 1205 1634 Regis,
1221 1589 1264 1600 -
1282 1547 1432 1630 secundo,
1456 1567 1512 1631 pro

392 1665 515 1744 quanto
526 1659 851 1740 tempora-tertio,
862 1658 890 1722 si
901 1663 1095 1736 occurreret,
1106 1657 1193 1739 quod
1203 1657 1355 1723 Summus
1365 1653 1515 1721 Pontifex
1577 1685 1588 1714 ,-

392 1766 472 1838 nihil
488 1765 596 1832 facere
612 1763 729 1845 vellet;
746 1766 825 1848 quid
840 1786 899 1830 nos
914 1764 1022 1831 facere
1038 1765 1183 1846 velimus,
1197 1765 1287 1829 vadit
1302 1785 1397 1846 pars:

500 1871 596 1957 Quod
612 1872 740 1938 dicatur
749 1874 812 1956 ipsi
822 1871 997 1955 Magnifico
1012 1869 1147 1938 Oratori
1157 1874 1242 1938 eirca
1257 1873 1421 1956 primam
1438 1892 1516 1954 par·

391 1989 480 2063 tem,
497 1981 585 2066 quod
599 1980 747 2065 pluribus
761 1981 830 2065 jam
847 1980 960 2047 diebus
977 1982 1165 2065 scripsimus
1183 1969 1215 2045 et
1233 1980 1296 2046 dici
1312 1978 1446 2045 fecimus
1460 2000 1515 2062 par

390 2091 601 2156 secretarium
616 2093 764 2153 nostrum
780 2087 884 2170 Regia
900 2087 1070 2173 Majcstati
1086 2087 1258 2171 Hungarie
1275 2089 1309 2152 in
1325 2086 1514 2152 taliforma:

391 2197 478 2280 quod
495 2198 575 2262 certi
593 2194 760 2260 reddimur
776 2195 994 2262 serenitatem
1010 2195 1111 2261 Suam
1130 2197 1216 2261 circa
1232 2195 1266 2260 id
1282 2193 1364 2261 bene
1391 2199 1517 2260 conten·
1615 2189 1617 2220 *

392 2312 458 2372 tarn
477 2311 510 2369 ct
527 2303 730 2370 satisfactam
749 2323 973 2367 remansuram
990 2324 1070 2381 esse,
1086 2303 1224 2386 ideoque
1240 2301 1473 2386 persuademus
1489 2309 1517 2366 ct

392 2412 562 2480 hortamur
578 2409 858 2496 Magnificentiam
875 2409 984 2490 Suam,
1001 2409 1087 2493 quod
1112 2410 1209 2477 vadat
1236 2411 1321 2476 bono
1346 2413 1465 2492 animo,
1489 2415 1519 2474 et
1618 2491 1619 2508 ἵ

393 2519 595 2601 quocelcrius
606 2525 714 2600 potest
724 2515 1143 2586 adSummumPontificem
1152 2539 1211 2601 pro
1222 2507 1518 2600 meliori‚celeriori·

395 2646 456 2708 que
472 2626 652 2691 executioni
670 2648 790 2706 eorum,
813 2649 875 2710 que
891 2628 924 2690 in
941 2627 1002 2692 hac
1021 2628 1161 2691 materia
1186 2627 1331 2709 gerenda
1356 2633 1442 2709 sunt,
1466 2628 1519 2691 sic-

393 2753 455 2815 que
471 2732 560 2798 aliud
577 2731 820 2816 Magnificentie
838 2733 903 2800 Sue
922 2757 986 2800 non
1005 2735 1140 2800 dicimus
1166 2735 1253 2800 circa
1279 2734 1348 2817 hoc,
1374 2733 1518 2799 volumus
1619 2753 1621 2802 ῑ

393 2863 464 2908 cam
482 2845 604 2906 certam
621 2862 700 2921 esse,
718 2842 806 2925 quod
822 2841 855 2907 id
871 2843 1018 2925 procedit
1035 2842 1119 2910 bono
1135 2849 1294 2927 respectu,
1310 2849 1343 2907 et
1359 2864 1420 2926 pro
1434 2842 1516 2908 bono
1619 2827 1621 2836 ¹

392 2950 485 3014 istius
502 2951 647 3014 materie.
1620 3021 1621 3028 ἵ

502 3052 635 3120 Circa
661 3058 895 3122 secundam
929 3063 1056 3140 partem
1083 3059 1228 3136 dicimus,
1264 3057 1352 3140 quod
1377 3058 1520 3124 contenti
1620 3083 1621 3142 j

290 3252 293 3262 ‚
321 3151 324 3156 ¹
394 3164 493 3226 simus
517 3162 723 3227 contribuere
753 3168 934 3246 portionem
959 3173 1106 3231 nostram
1132 3164 1192 3230 III
1216 3165 1306 3230 milla
1332 3166 1522 3234 ducatorum
1620 3203 1621 3206 =

393 3270 427 3332 in
444 3289 552 3334 mensa
568 3288 626 3350 per
643 3289 767 3333 menses
792 3292 855 3350 seu,
872 3275 955 3338 sicut
969 3296 1028 3356 per
1053 3275 1193 3356 primurn
1220 3272 1396 3339 Oratorem
1421 3271 1522 3356 Regio

393 3374 581 3458 Majestatis
597 3377 746 3458 requisiti
761 3376 889 3459 fuimus,
907 3385 940 3444 et
956 3381 984 3444 si
1002 3400 1040 3444 ex
1051 3380 1301 3445 necessitatibus
1317 3379 1406 3444 illius
1416 3379 1521 3464 Regni

394 3489 543 3567 respectu
560 3482 739 3549 Turcorum
757 3507 836 3569 opus
853 3509 921 3553 esse
938 3487 1127 3569 videbimus,
1138 3494 1174 3552 ut
1183 3486 1361 3552 subsidium
1376 3494 1521 3553 nostrum
1620 3483 1621 3488 ’

394 3612 452 3674 per
467 3591 571 3674 magis
588 3591 721 3675 longum
736 3601 862 3678 tempus
879 3595 947 3660 fieri
964 3595 1094 3672 habeat,
1120 3619 1184 3662 non
1205 3597 1394 3661 estimantes
1420 3597 1524 3660 minus

397 3698 541 3780 pericula
557 3700 701 3784 ejusdem
718 3704 819 3784 regni,
845 3725 941 3786 quam
968 3710 1072 3767 status
1090 3706 1202 3786 nostri,
1226 3701 1467 3768 declarabimus
1493 3705 1523 3767 in
1619 3757 1621 3764 ,

396 3805 458 3870 boc
493 3808 590 3872 etiam
618 3807 794 3874 Serenitati
822 3807 887 3875 Sue
913 3832 969 3893 per
995 3833 1088 3877 veros
1114 3812 1255 3892 effectus,
1282 3817 1440 3892 quantum
1467 3810 1522 3875 sibi
1619 3857 1621 3866 ι

382 3914 383 3918 ’
398 3911 509 3980 affecti
526 3916 633 3980 simus

502 4020 570 4085 Ad
595 4025 785 4088 tercium
812 4025 1159 4106 respondemus:
1191 4025 1277 4108 quod
1304 4046 1475 4106 speramus
1494 4031 1523 4090 et

394 4129 584 4193 confidimus
612 4129 734 4196 Summi
753 4130 913 4213 Pontifici,
940 4134 990 4197 cui
1022 4138 1180 4216 tanquam
1212 4153 1360 4216 supremo
1387 4134 1523 4216 principi

396 4235 646 4301 christianorum
672 4240 832 4319 imprimis
858 4242 1016 4306 incumbit
1041 4241 1219 4324 prouedere
1253 4243 1339 4308 circa
1365 4242 1524 4320 resistas,

396 4363 466 4405 curn
494 4342 607 4405 effectu
633 4346 869 4425 proviuisurum
886 4328 962 4428 esse,
990 4349 1138 4432 quodque
1155 4349 1188 4411 id
1205 4350 1310 4430 ipsum
1326 4347 1448 4412 facient
1466 4349 1524 4414 elie

396 4452 548 4529 potentie,
560 4453 601 4514 ad
613 4453 698 4531 quod
716 4473 842 4517 omnem
861 4455 1002 4521 studium
1021 4463 1168 4520 nostrum
1195 4457 1409 4539 aslhibuimus,
1437 4457 1525 4522 acthi-
