3268 5308
369 295 412 360 96
723 309 959 360 nrrnonnczlnr
976 299 1143 360 anabuns.

368 477 540 541 decoretur
561 479 594 539 et
609 473 787 538 honoretur
804 493 844 537 ex
861 474 1094 557 aggregatione
1112 479 1144 538 et
1160 475 1324 540 consortio
1342 471 1407 538 Sue
1425 469 1498 536 Ma·

364 584 504 669 jestatis‚
529 584 626 667 quod·
640 583 678 664 si,
702 588 741 648 ut
766 579 918 648 facillime
944 582 1084 663 confidit,
1110 588 1333 666 consequetur,
1358 581 1419 647 fiat
1435 579 1500 644 sibi

368 693 572 777 privilegium
584 744 586 750 .
598 693 632 756 in
647 686 831 774 opportuna
847 695 880 754 et
896 690 1078 756 honorabili
1094 689 1200 757 forma
1216 691 1448 755 communitum
1465 692 1499 752 et

369 801 540 882 bullatum,
556 799 639 865 sicut
655 796 756 863 fuerit
771 803 998 880 opportunum.

475 909 560 975 Item
575 909 666 991 ¹petit
682 905 826 990 prelatus
843 904 1075 972 serenissimus
1091 907 1252 973 Dominus
1267 907 1350 986 Rerr,
1366 902 1409 970 ab
1425 905 1498 987 ipso

368 1016 597 1082 Illustrissimo
623 1013 775 1080 Dominio
800 1012 922 1080 habere
947 1036 1046 1078 unam
1072 1015 1201 1080 domum
1228 1015 1262 1080 in
1276 1015 1340 1079 hac
1357 1011 1502 1078 Ciuitate

369 1127 592 1204 Venetiarum,
608 1122 834 1189 honorabilem
850 1128 883 1186 et
902 1122 1097 1204 condignam
1110 1122 1174 1189 Sue
1184 1122 1366 1205 Majestati,
1383 1119 1423 1184 de
1434 1140 1501 1203 qna

369 1235 429 1300 fiat
452 1239 635 1317 opportuna
660 1237 694 1297 et
709 1229 888 1296 affectualis
904 1231 1056 1313 provisio,
1082 1238 1116 1298 et
1132 1231 1171 1296 de
1188 1232 1247 1296 illa
1262 1231 1387 1300 habeat
1402 1229 1502 1313 privi-

369 1341 488 1424 legium
504 1340 664 1406 bullatum
679 1339 715 1403 in
731 1343 913 1421 opportuna
930 1337 1044 1420 forma,
1060 1339 1159 1422 inquo
1176 1339 1280 1404 multo
1293 1339 1365 1421 plus
1376 1337 1502 1420 magni·
1561 1417 1563 1420 ᾖ

369 1449 449 1516 facit
463 1447 695 1513 liberalitatem
712 1451 745 1512 et
760 1445 1012 1512 munificentiam
1027 1446 1249 1513 Illustrissimi
1265 1445 1414 1511 Dominii
1429 1467 1502 1527 pre-

370 1556 451 1622 dicti
475 1561 508 1620 et
533 1556 780 1638 reputationem,
805 1552 893 1636 quod
917 1555 980 1618 toti
1005 1552 1125 1618 mundo
1150 1555 1332 1618 innotescat
1358 1552 1503 1616 maxima

371 1664 440 1748 ejus
456 1663 673 1730 benivolentia
683 1683 762 1746 erga
775 1659 873 1728 Suam
883 1662 1105 1746 Majestatem,
1123 1683 1221 1746 quarn
1231 1661 1376 1746 precium
1386 1661 1502 1726 domus
1630 1702 1632 1709 »

370 1771 480 1854 ipsiuS,
497 1791 569 1836 cum
580 1769 645 1835 Dei
660 1769 809 1836 mercede
825 1770 1068 1852 potentissimus
1084 1770 1137 1852 sit,
1153 1770 1196 1835 ad
1212 1767 1384 1834 emendum
1401 1789 1501 1834 unam

371 1877 501 1944 domum
518 1881 551 1943 et
567 1877 665 1942 etiarn
680 1878 777 1960 longe
792 1878 927 1961 majora.

318 1985 320 1992 ’
477 1985 563 2051 Item
588 1985 738 2050 similiter
763 1986 847 2067 petit
870 1983 956 2049 idem
982 1983 1212 2051 serenissimus
1237 1984 1398 2050 Dominus
1425 1983 1500 2048 Rex

370 2115 467 2159 unam
494 2094 593 2160 aliam
609 2093 741 2158 domum
756 2093 790 2156 in
807 2089 947 2157 Ciuitate
963 2091 988 2157 J
990 2093 1077 2174 adre,
1104 2091 1169 2158 Sue
1187 2091 1367 2159 Serenitati
1383 2091 1501 2158 conde-

371 2209 506 2284 centem,
530 2202 675 2284 gratiose
701 2199 833 2265 concedi
850 2205 882 2264 et
897 2199 1030 2282 elargiri
1046 2223 1102 2284 per
1118 2202 1223 2285 ipsum
1238 2201 1502 2267 Illustrissimum

370 2309 570 2394 Dominium,
597 2309 637 2374 de
664 2331 730 2392 qua
745 2307 802 2372 fiat
817 2308 1022 2392 privilegium
1038 2309 1202 2376 bullatum
1217 2311 1252 2375 in
1267 2309 1373 2376 forma
1389 2331 1502 2376 convc-

371 2416 482 2500 nienti‚
506 2416 582 2481 licet
606 2416 646 2481 de
670 2415 731 2480 hoc
756 2415 783 2480 is
800 2413 996 2498 Magnificus
1013 2415 1152 2482 Domine
1170 2417 1294 2484 Orator
1309 2418 1343 2482 in
1361 2419 1431 2502 ejus
1448 2439 1502 2482 ex-

371 2522 529 2603 positione
546 2527 695 2586 oretenus
711 2519 799 2585 facta
814 2541 923 2585 coram
938 2519 1164 2588 Illustrissimo
1175 2523 1331 2588 Dominio
1347 2523 1499 2606 predicto

371 2650 410 2692 ex
425 2650 508 2711 pura
524 2627 684 2693 oblivione
697 2629 821 2693 nullam
838 2627 950 2718 fecerit
967 2631 1174 2696 mentionem.

477 2735 564 2802 Item
581 2735 672 2820 petit,
688 2737 867 2818 prelibatus
887 2735 1118 2804 Serenissimus
1128 2739 1289 2804 Dominus
1299 2739 1373 2806 Rex
1395 2741 1501 2824 provi-

371 2843 447 2909 dere
457 2865 514 2928 per
530 2843 793 2909 Illustrissimum
810 2842 997 2908 Dominium
1015 2845 1215 2911 antedictum
1231 2846 1271 2912 de
1287 2847 1498 2934 ballistrarijs

371 2959 404 3017 et
420 2951 620 3036 sclopeterijs
637 2951 706 3036 ejus
722 2951 894 3037 Majestati
911 2974 997 3036 casu,
1014 2975 1077 3036 quo
1095 2955 1241 3038 exigeret
1264 2956 1442 3020 necessitas
1469 2963 1502 3021 et

372 3061 608 3143 opportunitas,
624 3061 703 3143 quid
720 3062 960 3145 opprimeretur
975 3085 995 3128 a
1012 3061 1128 3144 Ilurco,
1153 3069 1190 3128 ut
1210 3085 1283 3128 oum
1299 3062 1500 3148 balistrarijs

371 3173 403 3232 et
419 3164 622 3248 sclopeterijs
638 3166 717 3248 ipsis
733 3169 852 3249 oppida
869 3175 901 3234 et
916 3168 1070 3236 fortilici'a
1081 3168 1147 3236 Sue
1157 3170 1353 3238 Serenitatis
1370 3175 1501 3237 munire

370 3274 484 3357 possit,
510 3277 543 3337 et
569 3293 602 3337 se
628 3279 661 3338 et
681 3278 805 3338 statum
821 3295 915 3339 suum
932 3297 1122 3344 conservare
1140 3284 1255 3344 contra
1271 3280 1452 3362 potentiam
1468 3286 1503 3344 et

370 3381 570 3446 invasionem
587 3381 713 3464 Teucri,
736 3383 771 3446 in
787 3402 851 3465 quo
865 3383 953 3448 ‘idem
968 3385 1231 3452 Illustrissimum
1246 3387 1437 3453 Dominium
1453 3387 1469 3452 f
1490 3425 1501 3436 -

370 3510 442 3554 cere
459 3493 663 3554 contentetur
679 3490 763 3555 sicut
778 3489 900 3558 faceret
917 3514 976 3576 pro
993 3494 1062 3578 ejus
1079 3494 1160 3562 locis
1176 3497 1325 3580 proprijs,
1342 3501 1500 3562 eteorum

371 3595 568 3676 defensione,
585 3616 657 3661 curn
672 3600 845 3680 presertim
860 3601 946 3666 idem
959 3600 1191 3669 Serenissimus
1202 3604 1361 3670 Dominus
1372 3605 1447 3670 Rex
1458 3627 1498 3669 ex

370 3725 455 3768 nunc
471 3725 504 3768 se
516 3702 631 3770 offerat
642 3704 793 3770 similiter
809 3709 915 3773 facere
932 3731 1011 3792 erga
1021 3708 1286 3777 Illustrissimum
1303 3713 1500 3778 Dominium

369 3810 576 3895 antedictam,
601 3813 635 3877 in
660 3813 710 3880 his
736 3814 894 3896 omnibus,
921 3838 983 3900 que
1011 3816 1077 3883 Sue
1093 3817 1308 3884 Serenissime
1324 3819 1499 3904 Majestati

369 3919 535 4004 possibilia
560 3926 675 4002 essent,
700 3943 766 3988 non
782 3921 889 4006 aliter,
906 3945 1004 4006 quarn
1018 3947 1079 4010 pro
1097 3947 1130 3991 se
1147 3931 1181 3991 et
1196 3927 1322 4011 Regno,
1353 3949 1391 3992 ac
1408 3920 1499 3993 statu

370 4049 429 4092 suo
446 4029 586 4112 proprio.

458 4137 544 4202 Item
554 4139 638 4221 petit
649 4137 1047 4208 SerenissimusDominus
1057 4143 1131 4207 Rex
1141 4141 1297 4228 prefatus,
1309 4145 1397 4227 quod
1408 4165 1497 4228 casn,

369 4265 434 4326 quo
445 4245 514 4328 ejus
524 4247 684 4330 Majestas
695 4270 715 4312 a
726 4248 854 4315 Teucro
865 4251 1102 4334 opprimeretur
1112 4258 1145 4317 et
1155 4253 1275 4319 viribus
1288 4251 1354 4318 Sue
1366 4253 1497 4321 Sereni·

368 4351 447 4416 tatis
458 4359 490 4417 et
500 4353 721 4419 Illustrissimi
732 4353 876 4441 Dominij
890 4360 1054 4442 sepedicti,
1069 4381 1109 4426 ac
1119 4361 1259 4425 aliorum
1268 4361 1419 4428 resistere
1430 4383 1497 4426 uon

369 4465 487 4544 posset,
499 4461 546 4524 ita
557 4461 655 4542 quod,
665 4461 817 4544 Regnum
829 4487 930 4547 suum,
943 4469 1029 4549 quod
1039 4467 1128 4531 Deus
1139 4473 1275 4548 avertat,
1287 4469 1496 4554 ammitteret,
