3314 5300
623 384 625 392 ’
672 387 764 456 1465.
1221 404 1283 470 371

1 527 2 538 ἵ
111 639 118 654 .
156 580 211 624 ma
236 560 268 627 io
285 585 347 646 pur
364 571 456 633 sento
474 566 517 634 da
533 577 637 652 canto,
663 571 722 636 ohe
738 574 760 637 li
778 596 840 640 ano
857 596 1022 658 promesso
1038 579 1151 646 ducati
1170 581 1285 649 XIIII

1 669 2 676 '
155 670 256 754 mille,
272 695 326 738 ma
344 674 483 742 dichano
499 679 567 745 cusi
582 701 641 764 per
658 703 718 748 sua
733 683 837 748 maior
852 687 1067 769 reputatione.

264 780 316 846 Lo
331 779 509 850 Canzelero
534 786 586 852 del
603 793 758 871 protenso
773 787 1032 878 Archiepiscopo
1051 796 1090 860 he
1107 799 1229 879 partito
1246 798 1288 863 da

155 907 221 968 qua
238 909 335 955 senza
351 891 502 976 risposta.
520 894 578 961 Ma
595 896 628 960 in
646 899 860 979 questahora
876 920 926 965 me
942 901 985 967 ha
996 902 1285 987 dictoloamicum‚

127 1091 132 1098 ι
155 997 215 1061 che
240 997 274 1063 la
291 997 443 1082 Signoria
470 1004 522 1086 ogi
550 1004 595 1070 ha
610 1005 764 1072 mandato
781 1030 801 1073 a
818 1007 935 1074 Padua
951 1032 1009 1094 per
1024 1013 1078 1096 luy
1095 1013 1165 1080 chol
1181 1020 1287 1080 torna.

156 1105 203 1170 Et
230 1104 311 1171 debe
328 1128 435 1174 essere
452 1133 517 1193 qua
534 1115 597 1195 ogi,
614 1114 656 1179 ho
672 1114 821 1196 domare,
848 1116 888 1182 de
906 1119 1023 1200 quello,
1048 1119 1107 1186 che
1124 1122 1180 1204 piu
1196 1121 1284 1188 ultra

156 1215 290 1297 sentiro,
307 1215 366 1281 che
383 1217 500 1285 sarano
512 1221 713 1288 neadvisaro
724 1221 764 1291 V.
776 1221 991 1308 Excellens,
1008 1228 1061 1292 ala
1072 1229 1150 1311 qual
1161 1250 1288 1314 sempre

156 1343 207 1386 me
223 1324 419 1392 ricomando.
444 1328 585 1396 Venetia
601 1329 653 1395 die
670 1331 795 1398 XIIII.
812 1331 1008 1402 Novembris
1027 1339 1122 1401 1465.
1160 1346 1162 1350 '

262 1432 313 1498 La
329 1441 418 1500 terra
435 1442 560 1518 quanto
578 1460 636 1522 per
654 1439 686 1504 la
702 1446 794 1524 peste
811 1447 861 1507 sta
877 1442 969 1510 bene.

1 1505 2 1516 ἶ
98 1649 103 1652 -
200 1541 238 1605 a.
255 1539 296 1608 v.
314 1541 366 1607 m.
383 1543 461 1608 uxo.
869 1550 1076 1618 ocerannus
1093 1552 1242 1622 servitor

877 1659 1046 1726 Gerardus
1062 1661 1101 1727 de
1119 1662 1231 1730 Collis.

263 1758 488 1827 Illustrissimo
507 1762 653 1848 Principi
671 1771 732 1832 etc.
748 1767 836 1833 Duci
852 1768 1032 1834 Mediolani
1050 1776 1109 1836 eto.

265 1923 392 1983 (mirandi
406 1926 489 1976 Illam
503 1927 580 1987 ltair.)

685 2258 758 2318 226.

155 2413 251 2476 1465.
269 2412 298 2476 A
318 2413 468 2477 velenczec'
484 2415 701 2480 dllomtandcs
715 2420 983 2506 mirqyororszciyi
1000 2421 1117 2486 leverat
1124 2421 1285 2508 fellivjc,

154 2522 234 2606 toqy
251 2521 383 2607 Motyon
410 2522 537 2609 kirolyr
563 2525 716 2610 sereqeoel
743 2549 764 2589 o
781 2527 887 2590 Szdvo
906 2528 1025 2614 folyon
1041 2525 1116 2594 eald
1132 2531 1283 2594 ‹tillire'are
1319 2581 1323 2588 1

154 2637 340 2709 dszldno'zzo,
369 2631 508 2716 eyyritlcl
525 2632 684 2716 luddoiljo
701 2658 722 2697 a
740 2637 871 2699 carenti
886 2636 918 2698 ris
935 2636 1078 2720 trojani
1094 2637 1201 2701 reszek
1219 2637 1284 2702 hir-

485 2825 490 2836 ·
562 2739 654 2804 tolcbo
674 2741 766 2804 oe'tele
783 2742 885 2808 ircim.

152 2930 310 2999 MOOOO
317 2933 426 3001 LXV.
444 2933 496 3000 die
515 2933 575 3003 Vl.
593 2935 792 3004 Decembris.

261 3043 322 3110 Ser
337 3042 513 3108 Francisco
530 3043 675 3110 Venerio
693 3042 829 3113 Oratori
845 3048 878 3112 in
894 3047 1078 3132 Hungaria.

152 3151 326 3234 Sapientes
344 3149 480 3234 OOUSffiI
533 3149 536 3286 J
685 3172 881 3257 Scripsimus
908 3175 997 3240 vobis
1023 3175 1065 3240 ad
1092 3175 1177 3240 diem
1202 3173 1283 3242 VII.

245 3285 261 3318 ³>
355 3264 377 3324 tv
394 3259 415 3324 f·
584 3283 703 3348 mensis
744 3279 940 3346 Novembris
979 3283 1117 3366 proximi
1154 3282 1283 3348 litteras

151 3329 535 3364 --.------l

150 3393 293 3468 nostrae,
318 3408 456 3469 quarum
482 3386 665 3471 exemplum
683 3389 735 3454 his
752 3391 871 3454 nost-ris
887 3389 1045 3454 inclusum
1060 3390 1284 3475 impresentia-

149 3515 222 3559 rum
248 3494 291 3584 ad
317 3515 373 3561 vos
398 3494 592 3560 mittendum
621 3499 812 3562 curavimus.
853 3497 935 3562 Post
953 3519 1034 3580 quas
1051 3497 1183 3580 quidem
1200 3498 1282 3563 nihil

148 3602 193 3670 ad
219 3603 305 3667 hunc
321 3602 407 3668 diem
423 3603 513 3669 vobis
530 3604 734 3670 scribendum
751 3605 911 3685 duximus,
937 3609 1113 3689 'propterea
1130 3605 1218 3688 quod
1235 3605 1282 3669 in·

147 3710 379 3776 tellcxeramus
411 3711 660 3779 Serenissimum
686 3713 864 3779 Dominum
891 3713 1062 3796 Hungarie
1088 3712 1215 3795 Regem
1249 3713 1281 3779 in

136 3819 325 3885 'Bossinam
351 3819 526 3901 transisse3
550 3842 634 3886 nunc
660 3828 770 3885 autem
797 3820 876 3885 facti
893 3821 1050 3886 certiores
1067 3819 1281 3904 Majestatem

148 3927 252 3993 Suam
268 3927 388 3994 flumen
405 3927 491 3993 Save
507 3929 762 4014 haudquaquam
779 3930 955 4014 trajecisse,
972 3929 1177 3995 scribendum
1193 3928 1282 3995 vobis

2 4041 3 4048 ’
60 4047 63 4054 ’
135 4038 388 4120 'constituimus
413 4035 557 4103 volentes
583 4046 615 4103 et
642 4037 835 4104 mandantes
861 4038 950 4105 vobis
979 4061 1051 4103 cum
1068 4044 1179 4102 nostro
1196 4035 1280 4102 Con-

2 4133 3 4138 *
109 4189 112 4195 -
148 4143 223 4210 silio
247 4143 460 4228 Rogatorum,
477 4147 523 4210 'ut
548 4147 575 4210 si
600 4146 743 4212 nondum
770 4143 839 4212 Sua
864 4146 1032 4213 Serenitas
1056 4145 1186 4211 Budam
1211 4166 1282 4229 per-

149 4253 301 4334 venisset,
343 4253 474 4320 sublata
506 4276 597 4320 mora
628 4253 671 4319 ad
703 4277 774 4320 eam
800 4255 1053 4321 conveniendam
1085 4252 1281 4320 contendere

150 4360 308 4441 debeatis,
335 4360 423 4444 apud
440 4381 519 4426 -eam
537 4367 782 4445 commorantes,
808 4363 972 4446 quomodo
989 4363 1157 4447 presentia
1172 4367 1281 4426 vestra

150 4469 247 4534 rebus
287 4470 321 4534 in
361 4468 431 4534 dies
469 4469 723 4551 occurrentibus,
762 4470 909 4536 conferre
942 4470 1116 4535 admodum
1149 4469 1281 4554 poterit,

152 4575 425 4662 quemadmodum
453 4600 512 4662 pro
537 4578 711 4662 prudentia
738 4585 844 4647 vestra
867 4600 922 4644 vos
938 4579 1059 4662 optime
1077 4578 1281 4643 considerare

1123 4685 1173 4745 245*
