3256 5304
377 359 440 426 21⁶2
731 370 961 422 onuoumnrm
981 357 1148 424 renuissent.

482 537 534 601 De
551 545 644 621 purte
692 576 732 582 —-
782 577 824 584 -—
874 541 945 600 167.

484 649 534 713 De
552 671 613 710 non
689 684 728 691 -·
919 652 943 708 l.

484 759 557 823 Xon
577 757 694 819 sinceri
782 792 821 800 —
916 761 944 816 0.

487 884 644 946 (Velenczei
658 884 836 945 sillamkiinyv
854 887 912 933 157.
926 883 956 942 l.)

864 1060 1016 1068 --——-

912 1297 982 1359 134.

382 1427 474 1490 1463.
500 1424 591 1488 Moro
610 1422 740 1508 Kristof
762 1421 913 1486 velenczei
936 1419 1102 1504 fejedelero
1128 1419 1262 1484 odlasza
1288 1420 1504 1506 Speruneltieb

509 1534 570 1595 Pa‘l
587 1532 830 1614 hororitorszctpi
846 1530 906 1593 bon
926 1530 1093 1592 lobvete‘nek
1110 1528 1388 1612 ele‘terjeszte'seire.

378 1727 673 1794 nlnnconxffl.
689 1726 741 1791 (lie
757 1725 864 1792 ΧΙΠ.
882 1725 984 1791 Junii.

486 1837 742 1916 Christopborus
760 1836 889 1913 Mauro,
916 1833 978 1898 Dei
998 1835 1107 1914 gretia
1124 1833 1202 1898 Dux
1217 1830 1434 1898 Venetiarum
1449 1839 1507 1898 etc.

378 1944 550 2010 Universis
570 1951 600 2006 et
621 1942 755 2026 singulis
770 1948 840 2007 tom
857 1943 969 2006 aniicis
986 1964 1082 2024 quam
1100 1941 1258 2024 fidelibus
1274 1947 1441 2024 presentes
1456 1941 1507 2006 lit
1589 2021 1590 2024 Ἴ

378 2063 467 2117 teras
492 2053 687 2134 inspecturis
714 2056 824 2115 notum
847 2049 1089 2130 essevolumus
1115 2049 1201 2131 quod
1220 2071 1291 2114 oum,
1311 2048 1508 2133 Magnificus

378 2160 502 2226 Paulus
528 2158 727 2242 Speraneioh
753 2156 884 2222 Oroatie
906 2158 1042 2222 Bannus
1058 2164 1117 2221 ete.
1134 2157 1312 2240 Egregium
1329 2156 1509 2240 Georgium
1589 2173 1590 2176 ’

377 2267 562 2334 Lecbovielr
586 2265 782 2332 familiarem
809 2288 902 2330 suum
928 2265 968 2330 ad
987 2271 1133 2330 nostrum
1148 2265 1338 2330 Dominium
1357 2265 1508 2347 misisset,

378 2378 535 2460 nobisque
550 2375 798 2459 Magnificencie
819 2372 884 2440 Sne
904 2374 1031 2438 nomine
1048 2373 1258 2456 infrascripta
1275 2371 1421 2456 capitula
1437 2394 1508 2455 por·

378 2485 523 2564 rexisset,
548 2485 720 2565 unicuique
748 2505 858 2547 eorum
880 2481 1123 2564 responsionem
1139 2481 1284 2563 labimur,
1310 2482 1360 2546 nti
1376 2479 1509 2546 inferius

380 2597 472 2673 patet
489 2599 522 2655 et
537 2593 642 2673 primo
660 2590 703 2655 ad
719 2592 857 2674 primum
873 2590 967 2674 hujus
984 2591 1106 2656 tenoris
1123 2589 1376 2673 respondeatur:

486 2698 673 2763 Dominium
700 2704 847 2764 nostrum
872 2698 913 2762 ob
939 2696 1152 2770 affectionem,
1178 2720 1276 2781 quam
1303 2696 1511 2780 intelligebat

379 2806 658 2888 Magnificentiam
670 2804 770 2872 Suam
788 2806 830 2870 ad
841 2805 972 2871 Statum
983 2813 1130 2870 nostrum
1140 2805 1271 2886 bebere,
1287 2805 1379 2870 illam
1391 2827 1510 2884 amare,

381 2932 491 2980 verum
516 2913 680 2980 intellecta
707 2912 895 2996 hujusmodi
920 2935 1003 2977 nova
1029 2911 1195 2978 oblatione
1221 2935 1289 2992 sua,
1314 2934 1376 2996 que
1403 2914 1465 2977 nisi
1491 2935 1510 2976 a

381 3045 506 3088 summa
532 3022 702 3087 devotione
719 3020 943 3104 proficiscitur,
960 3023 993 3085 iu
1010 3019 1290 3105 Magnificentiam
1307 3023 1431 3104 optime
1448 3021 1511 3085 dis·

378 3133 529 3212 positum,
556 3151 626 3194 esse
652 3135 839 3194 contentum
865 3131 1070 3212 requisitioni
1097 3152 1153 3194 sue
1176 3129 1366 3195 satisfacere
1383 3151 1423 3194 ae
1440 3150 1510 3192 eum

378 3260 450 3301 oum
476 3236 550 3300 filiis
568 3238 634 3301 suis
649 3237 805 3318 legitimis
822 3239 854 3301 in
872 3236 1010 3302 aliorum
1028 3243 1215 3304 nostrorum
1231 3237 1385 3302 nobilium
1404 3258 1512 3301 nume·

379 3367 449 3410 rum
466 3345 636 3426 suscipere.

485 3450 542 3516 Ad
559 3450 734 3516 seeundum
751 3452 995 3536 respondeatur,
1014 3455 1144 3535 quando
1155 3453 1342 3519 Dominium
1361 3459 1510 3520 nostrum

379 3582 448 3624 esse
477 3567 665 3624 contentum
693 3563 721 3626 ei
749 3562 944 3644 satisfacere,
969 3561 1125 3644 velleque,
1152 3562 1239 3644 quod
1265 3561 1386 3626 subditi
1404 3563 1454 3626 sui
1472 3560 1511 3626 sd

379 3690 641 3751 unamquamque
667 3674 830 3733 terrarum
857 3675 890 3732 et
905 3669 1052 3733 locorum
1069 3675 1255 3734 nostrorum
1271 3667 1374 3733 libere
1392 3672 1512 3748 venire,
1611 3699 1613 3748 i

375 3776 465 3840 salve
482 3791 521 3840 se·
537 3782 607 3840 tute
624 3800 695 3840 eum
712 3777 804 3845 bonis
821 3783 854 3840 et
870 3775 968 3842 rebus
985 3777 1051 3841 suis
1070 3783 1166 3860 stare,
1183 3783 1216 3842 et
1227 3775 1268 3842 sd
1279 3777 1406 3842 libitum
1422 3801 1512 3842 sunm
1610 3853 1612 3870 Ι

381 3885 532 3950 recedere
550 3907 615 3951 non
631 3885 728 3950 aliter
745 3908 783 3949 oo
799 3885 884 3948 eires
902 3887 1005 3949 nostri
1022 3885 1130 3950 secere
1145 3893 1290 3969 possunt.

487 3989 542 4056 Ad
568 3995 704 4058 tercium
726 3993 966 4076 respondeatur,
992 3994 1140 4058 similiter
1156 3993 1342 4058 Dominium
1360 4002 1509 4060 nostrum

373 4124 447 4172 >esse
465 4108 652 4167 contentum
664 4103 708 4167 M.
720 4101 820 4167 Suom
837 4124 910 4166 oum
926 4109 996 4166 toto
1013 4109 1102 4168 statu
1120 4125 1187 4184 suo,
1204 4126 1298 4186 quem
1317 4102 1358 4168 ad
1375 4126 1509 4188 presens

378 4217 478 4289 tenet,
490 4211 522 4272 in
539 4211 775 4292 protectionem
786 4217 900 4276 eontra
911 4232 1140 4294 quoscumque,
1151 4221 1284 4294 excepto
1296 4209 1512 4277 Serenissimo
1609 4193 1611 4254 f

372 4317 551 4400 Hungarie
563 4318 662 4401 Rege,
679 4320 849 4402 suscipere,
866 4339 977 4382 verum
995 4319 1073 4401 quia
1089 4319 1237 4384 derebus
1249 4318 1376 4400 futuris,
1392 4342 1509 4402 parum
1610 4297 1611 4308 i

379 4432 437 4490 eut
461 4425 543 4488 nihil
568 4426 706 4507 intelligi
732 4432 855 4509 potest:
883 4428 921 4491 tle
939 4425 1054 4491 Status
1071 4427 1172 4491 futuri
1190 4428 1394 4510 protectione
1421 4428 1509 4492 eliud

379 4550 443 4594 non
460 4534 588 4596 ridetur
603 4534 696 4598 nobis
713 4557 780 4600 esse
797 4531 1067 4616 respondendum.
