<?xml version="1.0" encoding="UTF-8"?>
<!DOCTYPE html PUBLIC "-//W3C//DTD XHTML 1.0 Transitional//EN"
    "http://www.w3.org/TR/xhtml1/DTD/xhtml1-transitional.dtd">
<html xmlns="http://www.w3.org/1999/xhtml" xml:lang="en" lang="en">
 <head>
  <title>
</title>
<meta http-equiv="Content-Type" content="text/html;charset=utf-8" />
  <meta name='ocr-system' content='tesseract 3.04.00' />
  <meta name='ocr-capabilities' content='ocr_page ocr_carea ocr_par ocr_line ocrx_word'/>
</head>
<body>
  <div class='ocr_page' id='page_1' title='image "./magyardiplomacz01mattgoog_0376.png"; bbox 0 0 3314 5300; ppageno 0'>
   <div class='ocr_carea' id='block_1_1' title="bbox 380 405 1141 468">
    <p class='ocr_par' dir='ltr' id='par_1_1' title="bbox 380 405 1141 468">
     <span class='ocr_line' id='line_1_1' title="bbox 380 405 1141 468; baseline -0.009 0"><span class='ocrx_word' id='word_1_1' title='bbox 380 405 441 468; x_wconf 79' lang='lat'>346</span> <span class='ocrx_word' id='word_1_2' title='bbox 731 421 964 466; x_wconf 81' lang='lat' dir='ltr'>mruouxcmxr</span> <span class='ocrx_word' id='word_1_3' title='bbox 981 407 1141 466; x_wconf 76' lang='grc'><strong>0001000</strong></span> 
     </span>
    </p>
   </div>
   <div class='ocr_carea' id='block_1_2' title="bbox 379 579 1583 3599">
    <p class='ocr_par' dir='ltr' id='par_1_2' title="bbox 379 579 1571 1102">
     <span class='ocr_line' id='line_1_2' title="bbox 379 579 1507 664; baseline -0.003 -18"><span class='ocrx_word' id='word_1_4' title='bbox 379 583 516 661; x_wconf 87' lang='lat' dir='ltr'>dixerat,</span> <span class='ocrx_word' id='word_1_5' title='bbox 533 605 564 648; x_wconf 89' lang='lat' dir='ltr'>se</span> <span class='ocrx_word' id='word_1_6' title='bbox 582 584 613 646; x_wconf 90' lang='lat' dir='ltr'>iu</span> <span class='ocrx_word' id='word_1_7' title='bbox 631 581 721 646; x_wconf 87' lang='lat' dir='ltr'>festis</span> <span class='ocrx_word' id='word_1_8' title='bbox 738 581 902 664; x_wconf 85' lang='lat' dir='ltr'>natalioijs</span> <span class='ocrx_word' id='word_1_9' title='bbox 914 580 1163 663; x_wconf 85' lang='lat' dir='ltr'>declaraturum,</span> <span class='ocrx_word' id='word_1_10' title='bbox 1180 581 1257 663; x_wconf 92' lang='lat' dir='ltr'>quid</span> <span class='ocrx_word' id='word_1_11' title='bbox 1268 581 1382 664; x_wconf 74' lang='lat' dir='ltr'>inips:</span> <span class='ocrx_word' id='word_1_12' title='bbox 1395 579 1507 644; x_wconf 89' lang='lat' dir='ltr'>futuro</span> 
     </span>
     <span class='ocr_line' id='line_1_3' title="bbox 380 689 1508 772; baseline -0.006 -15"><span class='ocrx_word' id='word_1_13' title='bbox 380 713 463 757; x_wconf 86' lang='lat' dir='ltr'>anno</span> <span class='ocrx_word' id='word_1_14' title='bbox 480 691 627 757; x_wconf 89' lang='lat' dir='ltr'>facturus</span> <span class='ocrx_word' id='word_1_15' title='bbox 644 696 735 772; x_wconf 87' lang='lat' dir='ltr'>esset,</span> <span class='ocrx_word' id='word_1_16' title='bbox 751 691 838 754; x_wconf 89' lang='lat' dir='ltr'>unde</span> <span class='ocrx_word' id='word_1_17' title='bbox 854 710 912 754; x_wconf 90' lang='lat' dir='ltr'>nos</span> <span class='ocrx_word' id='word_1_18' title='bbox 929 689 1041 755; x_wconf 87' lang='lat' dir='ltr'>eodem</span> <span class='ocrx_word' id='word_1_19' title='bbox 1057 695 1204 772; x_wconf 89' lang='lat' dir='ltr'>tempore</span> <span class='ocrx_word' id='word_1_20' title='bbox 1220 689 1296 755; x_wconf 88' lang='lat' dir='ltr'>visis</span> <span class='ocrx_word' id='word_1_21' title='bbox 1313 711 1420 754; x_wconf 90' lang='lat' dir='ltr'>rerum</span> <span class='ocrx_word' id='word_1_22' title='bbox 1437 710 1508 752; x_wconf 88' lang='lat' dir='ltr'>suc-</span> 
     </span>
     <span class='ocr_line' id='line_1_4' title="bbox 379 797 1571 881; baseline -0.005 -16"><span class='ocrx_word' id='word_1_23' title='bbox 379 801 533 876; x_wconf 75' lang='lat' dir='ltr'>cessibus</span> <span class='ocrx_word' id='word_1_24' title='bbox 560 807 593 866; x_wconf 90' lang='grc'>01</span> <span class='ocrx_word' id='word_1_25' title='bbox 609 799 724 866; x_wconf 83' lang='grc'><strong>001110</strong></span> <span class='ocrx_word' id='word_1_26' title='bbox 740 798 910 864; x_wconf 90' lang='lat' dir='ltr'>Pontificis</span> <span class='ocrx_word' id='word_1_27' title='bbox 927 798 1169 880; x_wconf 68' lang='lat' dir='ltr'>deliberatione,</span> <span class='ocrx_word' id='word_1_28' title='bbox 1186 799 1300 863; x_wconf 89' lang='lat' dir='ltr'>melius</span> <span class='ocrx_word' id='word_1_29' title='bbox 1317 804 1349 862; x_wconf 90' lang='lat' dir='ltr'>et</span> <span class='ocrx_word' id='word_1_30' title='bbox 1364 797 1509 881; x_wconf 88' lang='lat' dir='ltr'>particu-</span> <span class='ocrx_word' id='word_1_31' title='bbox 1569 861 1571 867; x_wconf 77' lang='grc'><strong>,</strong></span> 
     </span>
     <span class='ocr_line' id='line_1_5' title="bbox 379 906 1507 993; baseline -0.004 -19"><span class='ocrx_word' id='word_1_32' title='bbox 379 909 480 974; x_wconf 88' lang='lat' dir='ltr'>larius</span> <span class='ocrx_word' id='word_1_33' title='bbox 505 909 604 993; x_wconf 90' lang='lat' dir='ltr'>loqui,</span> <span class='ocrx_word' id='word_1_34' title='bbox 631 915 663 974; x_wconf 90' lang='lat' dir='ltr'>et</span> <span class='ocrx_word' id='word_1_35' title='bbox 682 915 821 974; x_wconf 82' lang='lat' dir='ltr'>mentem</span> <span class='ocrx_word' id='word_1_36' title='bbox 839 914 984 973; x_wconf 88' lang='lat' dir='ltr'>nostram</span> <span class='ocrx_word' id='word_1_37' title='bbox 1001 908 1185 974; x_wconf 87' lang='lat' dir='ltr'>distinctius</span> <span class='ocrx_word' id='word_1_38' title='bbox 1203 906 1369 972; x_wconf 88' lang='lat' dir='ltr'>declarare</span> <span class='ocrx_word' id='word_1_39' title='bbox 1386 906 1507 990; x_wconf 88' lang='lat' dir='ltr'>poteri·</span> 
     </span>
     <span class='ocr_line' id='line_1_6' title="bbox 380 1015 1253 1102; baseline -0.003 -20"><span class='ocrx_word' id='word_1_40' title='bbox 380 1018 489 1101; x_wconf 75' lang='lat' dir='ltr'>rimuS,</span> <span class='ocrx_word' id='word_1_41' title='bbox 506 1016 593 1102; x_wconf 88' lang='lat' dir='ltr'>quod</span> <span class='ocrx_word' id='word_1_42' title='bbox 609 1017 712 1083; x_wconf 90' lang='lat' dir='ltr'>eidem</span> <span class='ocrx_word' id='word_1_43' title='bbox 727 1017 896 1102; x_wconf 87' lang='lat' dir='ltr'>Majestati</span> <span class='ocrx_word' id='word_1_44' title='bbox 913 1024 950 1082; x_wconf 91' lang='lat' dir='ltr'>tu</span> <span class='ocrx_word' id='word_1_45' title='bbox 966 1038 1095 1100; x_wconf 90' lang='lat' dir='ltr'>quoque</span> <span class='ocrx_word' id='word_1_46' title='bbox 1112 1015 1253 1081; x_wconf 85' lang='lat' dir='ltr'>declara.</span> 
     </span>
    </p>

    <p class='ocr_par' dir='ltr' id='par_1_3' title="bbox 380 1111 1583 2079">
     <span class='ocr_line' id='line_1_7' title="bbox 488 1111 1561 1208; baseline -0.002 -19"><span class='ocrx_word' id='word_1_47' title='bbox 488 1121 644 1191; x_wconf 81' lang='lat' dir='ltr'>Oratores</span> <span class='ocrx_word' id='word_1_48' title='bbox 669 1128 799 1208; x_wconf 85' lang='lat' dir='ltr'>insuper</span> <span class='ocrx_word' id='word_1_49' title='bbox 823 1125 886 1208; x_wconf 89' lang='lat' dir='ltr'>ipsi</span> <span class='ocrx_word' id='word_1_50' title='bbox 908 1125 1001 1190; x_wconf 90' lang='lat' dir='ltr'>nobis</span> <span class='ocrx_word' id='word_1_51' title='bbox 1018 1125 1102 1190; x_wconf 89' lang='lat' dir='ltr'>inter</span> <span class='ocrx_word' id='word_1_52' title='bbox 1119 1123 1316 1207; x_wconf 91' lang='lat' dir='ltr'>loquendum</span> <span class='ocrx_word' id='word_1_53' title='bbox 1332 1125 1508 1188; x_wconf 86' lang='lat' dir='ltr'>maximam</span> <span class='ocrx_word' id='word_1_54' title='bbox 1559 1111 1561 1118; x_wconf 45' lang='lat'><strong>¹</strong></span> 
     </span>
     <span class='ocr_line' id='line_1_8' title="bbox 382 1232 1583 1318; baseline 0.001 -21"><span class='ocrx_word' id='word_1_55' title='bbox 382 1235 654 1300; x_wconf 78' lang='lat' dir='ltr'>existimationem</span> <span class='ocrx_word' id='word_1_56' title='bbox 679 1234 793 1299; x_wconf 88' lang='lat' dir='ltr'>fecisse</span> <span class='ocrx_word' id='word_1_57' title='bbox 818 1234 878 1298; x_wconf 90' lang='lat' dir='ltr'>visi</span> <span class='ocrx_word' id='word_1_58' title='bbox 904 1240 977 1298; x_wconf 86' lang='lat' dir='ltr'>sunt</span> <span class='ocrx_word' id='word_1_59' title='bbox 1004 1233 1043 1300; x_wconf 91' lang='lat' dir='ltr'>de</span> <span class='ocrx_word' id='word_1_60' title='bbox 1068 1232 1214 1318; x_wconf 88' lang='lat' dir='ltr'>generali</span> <span class='ocrx_word' id='word_1_61' title='bbox 1240 1232 1445 1316; x_wconf 84' lang='lat' dir='ltr'>expeditione</span> <span class='ocrx_word' id='word_1_62' title='bbox 1461 1235 1509 1298; x_wconf 89' lang='lat' dir='ltr'>fa·</span> <span class='ocrx_word' id='word_1_63' title='bbox 1579 1257 1583 1262; x_wconf 73' lang='grc'>’</span> 
     </span>
     <span class='ocr_line' id='line_1_9' title="bbox 381 1342 1511 1428; baseline 0 -23"><span class='ocrx_word' id='word_1_64' title='bbox 381 1342 502 1424; x_wconf 82' lang='grc'><strong>010010,</strong></span> <span class='ocrx_word' id='word_1_65' title='bbox 530 1345 599 1408; x_wconf 89' lang='lat' dir='ltr'>sine</span> <span class='ocrx_word' id='word_1_66' title='bbox 615 1366 680 1428; x_wconf 90' lang='lat' dir='ltr'>qua</span> <span class='ocrx_word' id='word_1_67' title='bbox 698 1342 829 1408; x_wconf 90' lang='lat' dir='ltr'>difficile</span> <span class='ocrx_word' id='word_1_68' title='bbox 846 1343 973 1408; x_wconf 86' lang='lat' dir='ltr'>videtur</span> <span class='ocrx_word' id='word_1_69' title='bbox 994 1344 1120 1408; x_wconf 89' lang='lat' dir='ltr'>hostem</span> <span class='ocrx_word' id='word_1_70' title='bbox 1136 1342 1222 1406; x_wconf 88' lang='lat' dir='ltr'>huuc</span> <span class='ocrx_word' id='word_1_71' title='bbox 1237 1342 1511 1424; x_wconf 88' lang='lat' dir='ltr'>accerrimum,·et</span> 
     </span>
     <span class='ocr_line' id='line_1_10' title="bbox 382 1451 1510 1537; baseline -0.001 -22"><span class='ocrx_word' id='word_1_72' title='bbox 382 1451 643 1517; x_wconf 90' lang='lat' dir='ltr'>robustissimum</span> <span class='ocrx_word' id='word_1_73' title='bbox 660 1474 754 1537; x_wconf 90' lang='lat' dir='ltr'>posse</span> <span class='ocrx_word' id='word_1_74' title='bbox 765 1452 980 1533; x_wconf 87' lang='lat' dir='ltr'>exterminari,</span> <span class='ocrx_word' id='word_1_75' title='bbox 997 1453 1047 1515; x_wconf 90' lang='lat' dir='ltr'>cui</span> <span class='ocrx_word' id='word_1_76' title='bbox 1058 1452 1105 1516; x_wconf 91' lang='lat' dir='ltr'>rei</span> <span class='ocrx_word' id='word_1_77' title='bbox 1116 1473 1175 1516; x_wconf 89' lang='lat' dir='ltr'>nos</span> <span class='ocrx_word' id='word_1_78' title='bbox 1187 1452 1272 1514; x_wconf 89' lang='lat' dir='ltr'>omni</span> <span class='ocrx_word' id='word_1_79' title='bbox 1284 1473 1371 1532; x_wconf 90' lang='lat' dir='ltr'>cura,</span> <span class='ocrx_word' id='word_1_80' title='bbox 1388 1451 1510 1530; x_wconf 90' lang='lat' dir='ltr'>studio,</span> 
     </span>
     <span class='ocr_line' id='line_1_11' title="bbox 382 1558 1511 1653; baseline 0.001 -31"><span class='ocrx_word' id='word_1_81' title='bbox 382 1566 414 1623; x_wconf 91' lang='lat' dir='ltr'>et</span> <span class='ocrx_word' id='word_1_82' title='bbox 440 1559 610 1644; x_wconf 91' lang='lat' dir='ltr'>diligentia</span> <span class='ocrx_word' id='word_1_83' title='bbox 636 1568 749 1628; x_wconf 89' lang='lat' dir='ltr'>nostra</span> <span class='ocrx_word' id='word_1_84' title='bbox 766 1582 892 1644; x_wconf 90' lang='lat' dir='ltr'>semper</span> <span class='ocrx_word' id='word_1_85' title='bbox 907 1559 1154 1644; x_wconf 67' lang='lat' dir='ltr'>invigilavimus</span> <span class='ocrx_word' id='word_1_86' title='bbox 1181 1566 1214 1653; x_wconf 87' lang='lat' dir='ltr'>et</span> <span class='ocrx_word' id='word_1_87' title='bbox 1230 1558 1447 1643; x_wconf 88' lang='lat' dir='ltr'>apostolicam</span> <span class='ocrx_word' id='word_1_88' title='bbox 1464 1579 1511 1623; x_wconf 90' lang='lat' dir='ltr'>se·</span> 
     </span>
     <span class='ocr_line' id='line_1_12' title="bbox 380 1667 1511 1754; baseline 0 -22"><span class='ocrx_word' id='word_1_89' title='bbox 380 1667 462 1750; x_wconf 91' lang='lat' dir='ltr'>dem,</span> <span class='ocrx_word' id='word_1_90' title='bbox 479 1692 636 1754; x_wconf 84' lang='lat' dir='ltr'>regesque</span> <span class='ocrx_word' id='word_1_91' title='bbox 653 1677 685 1735; x_wconf 91' lang='lat' dir='ltr'>et</span> <span class='ocrx_word' id='word_1_92' title='bbox 700 1671 863 1754; x_wconf 85' lang='lat' dir='ltr'>principes</span> <span class='ocrx_word' id='word_1_93' title='bbox 881 1670 1086 1750; x_wconf 68' lang='lat' dir='ltr'>christianos</span> <span class='ocrx_word' id='word_1_94' title='bbox 1103 1675 1135 1734; x_wconf 93' lang='grc'>01</span> <span class='ocrx_word' id='word_1_95' title='bbox 1150 1669 1254 1734; x_wconf 88' lang='lat' dir='ltr'>literis</span> <span class='ocrx_word' id='word_1_96' title='bbox 1267 1672 1299 1734; x_wconf 91' lang='lat' dir='ltr'>et</span> <span class='ocrx_word' id='word_1_97' title='bbox 1309 1667 1511 1734; x_wconf 83' lang='lat' dir='ltr'>Oratoribus</span> 
     </span>
     <span class='ocr_line' id='line_1_13' title="bbox 380 1779 1513 1864; baseline 0.001 -23"><span class='ocrx_word' id='word_1_98' title='bbox 380 1799 518 1862; x_wconf 90' lang='lat' dir='ltr'>monere,</span> <span class='ocrx_word' id='word_1_99' title='bbox 545 1780 696 1860; x_wconf 89' lang='lat' dir='ltr'>excitare,</span> <span class='ocrx_word' id='word_1_100' title='bbox 722 1781 954 1864; x_wconf 91' lang='lat' dir='ltr'>impellereque</span> <span class='ocrx_word' id='word_1_101' title='bbox 979 1779 1087 1845; x_wconf 88' lang='lat' dir='ltr'>conati</span> <span class='ocrx_word' id='word_1_102' title='bbox 1115 1801 1243 1859; x_wconf 70' lang='lat' dir='ltr'>sumus,</span> <span class='ocrx_word' id='word_1_103' title='bbox 1268 1779 1324 1842; x_wconf 87' lang='lat' dir='ltr'>sed</span> <span class='ocrx_word' id='word_1_104' title='bbox 1340 1784 1398 1843; x_wconf 89' lang='lat' dir='ltr'>aut</span> <span class='ocrx_word' id='word_1_105' title='bbox 1414 1779 1513 1861; x_wconf 85' lang='lat' dir='ltr'>culpa</span> 
     </span>
     <span class='ocr_line' id='line_1_14' title="bbox 381 1885 1511 1971; baseline 0.002 -22"><span class='ocrx_word' id='word_1_106' title='bbox 381 1891 572 1969; x_wconf 88' lang='lat' dir='ltr'>temporum,</span> <span class='ocrx_word' id='word_1_107' title='bbox 607 1894 665 1953; x_wconf 87' lang='lat' dir='ltr'>aut</span> <span class='ocrx_word' id='word_1_108' title='bbox 691 1910 749 1971; x_wconf 91' lang='lat' dir='ltr'>pro</span> <span class='ocrx_word' id='word_1_109' title='bbox 775 1885 1012 1954; x_wconf 89' lang='lat' dir='ltr'>conditionibus</span> <span class='ocrx_word' id='word_1_110' title='bbox 1038 1892 1183 1952; x_wconf 86' lang='lat' dir='ltr'>statuum</span> <span class='ocrx_word' id='word_1_111' title='bbox 1209 1892 1241 1952; x_wconf 91' lang='lat' dir='ltr'>et</span> <span class='ocrx_word' id='word_1_112' title='bbox 1266 1887 1511 1970; x_wconf 78' lang='lat' dir='ltr'>principatuum</span> 
     </span>
     <span class='ocr_line' id='line_1_15' title="bbox 383 1995 1348 2079; baseline 0.002 -21"><span class='ocrx_word' id='word_1_113' title='bbox 383 2000 475 2060; x_wconf 89' lang='lat' dir='ltr'>tante</span> <span class='ocrx_word' id='word_1_114' title='bbox 492 1997 538 2060; x_wconf 91' lang='lat' dir='ltr'>rei</span> <span class='ocrx_word' id='word_1_115' title='bbox 555 1996 669 2076; x_wconf 89' lang='lat' dir='ltr'>forma,</span> <span class='ocrx_word' id='word_1_116' title='bbox 685 1995 863 2078; x_wconf 86' lang='lat' dir='ltr'>modusque</span> <span class='ocrx_word' id='word_1_117' title='bbox 880 1996 952 2061; x_wconf 88' lang='lat' dir='ltr'>dari</span> <span class='ocrx_word' id='word_1_118' title='bbox 968 1996 1134 2079; x_wconf 83' lang='lat' dir='ltr'>hueusque</span> <span class='ocrx_word' id='word_1_119' title='bbox 1151 2017 1215 2060; x_wconf 90' lang='lat' dir='ltr'>uon</span> <span class='ocrx_word' id='word_1_120' title='bbox 1232 1995 1348 2078; x_wconf 90' lang='lat' dir='ltr'>potuit.</span> 
     </span>
    </p>

    <p class='ocr_par' dir='ltr' id='par_1_4' title="bbox 380 2102 1512 3599">
     <span class='ocr_line' id='line_1_16' title="bbox 488 2102 1512 2187; baseline -0.004 -16"><span class='ocrx_word' id='word_1_121' title='bbox 488 2105 648 2171; x_wconf 85' lang='lat' dir='ltr'>Volumus</span> <span class='ocrx_word' id='word_1_122' title='bbox 673 2111 834 2187; x_wconf 89' lang='lat' dir='ltr'>preterea,</span> <span class='ocrx_word' id='word_1_123' title='bbox 874 2109 911 2169; x_wconf 91' lang='lat' dir='ltr'>ut</span> <span class='ocrx_word' id='word_1_124' title='bbox 935 2103 1089 2168; x_wconf 87' lang='lat' dir='ltr'>omnibus.</span> <span class='ocrx_word' id='word_1_125' title='bbox 1109 2103 1203 2167; x_wconf 89' lang='lat' dir='ltr'>bonis</span> <span class='ocrx_word' id='word_1_126' title='bbox 1231 2109 1263 2170; x_wconf 88' lang='lat' dir='ltr'>et</span> <span class='ocrx_word' id='word_1_127' title='bbox 1288 2102 1512 2168; x_wconf 88' lang='lat' dir='ltr'>accomodatis</span> 
     </span>
     <span class='ocr_line' id='line_1_17' title="bbox 381 2209 1511 2302; baseline 0.002 -28"><span class='ocrx_word' id='word_1_128' title='bbox 381 2212 496 2292; x_wconf 77' lang='lat' dir='ltr'>verbio,</span> <span class='ocrx_word' id='word_1_129' title='bbox 523 2235 585 2296; x_wconf 89' lang='lat' dir='ltr'>que</span> <span class='ocrx_word' id='word_1_130' title='bbox 610 2213 782 2302; x_wconf 73' lang='lat' dir='ltr'>prudentie</span> <span class='ocrx_word' id='word_1_131' title='bbox 799 2219 854 2278; x_wconf 90' lang='lat' dir='ltr'>tue</span> <span class='ocrx_word' id='word_1_132' title='bbox 871 2211 1074 2294; x_wconf 86' lang='lat' dir='ltr'>videbuntur,</span> <span class='ocrx_word' id='word_1_133' title='bbox 1091 2211 1218 2276; x_wconf 90' lang='lat' dir='ltr'>hortari</span> <span class='ocrx_word' id='word_1_134' title='bbox 1235 2217 1267 2276; x_wconf 91' lang='lat' dir='ltr'>et</span> <span class='ocrx_word' id='word_1_135' title='bbox 1282 2209 1445 2292; x_wconf 86' lang='lat' dir='ltr'>inducere,</span> <span class='ocrx_word' id='word_1_136' title='bbox 1462 2213 1511 2276; x_wconf 92' lang='lat' dir='ltr'>ni-</span> 
     </span>
     <span class='ocr_line' id='line_1_18' title="bbox 381 2319 1511 2406; baseline -0.001 -21"><span class='ocrx_word' id='word_1_137' title='bbox 381 2327 453 2387; x_wconf 73' lang='grc'><strong>1000</strong></span> <span class='ocrx_word' id='word_1_138' title='bbox 470 2321 610 2404; x_wconf 88' lang='lat' dir='ltr'>Regiam</span> <span class='ocrx_word' id='word_1_139' title='bbox 626 2322 838 2406; x_wconf 87' lang='lat' dir='ltr'>Majestatem</span> <span class='ocrx_word' id='word_1_140' title='bbox 863 2320 1043 2404; x_wconf 89' lang='lat' dir='ltr'>predictam</span> <span class='ocrx_word' id='word_1_141' title='bbox 1072 2320 1115 2386; x_wconf 91' lang='lat' dir='ltr'>ad</span> <span class='ocrx_word' id='word_1_142' title='bbox 1140 2319 1322 2386; x_wconf 88' lang='lat' dir='ltr'>exeundum</span> <span class='ocrx_word' id='word_1_143' title='bbox 1340 2321 1374 2384; x_wconf 88' lang='lat' dir='ltr'>iu</span> <span class='ocrx_word' id='word_1_144' title='bbox 1391 2326 1511 2403; x_wconf 84' lang='lat' dir='ltr'>castra,</span> 
     </span>
     <span class='ocr_line' id='line_1_19' title="bbox 381 2427 1511 2514; baseline -0.002 -18"><span class='ocrx_word' id='word_1_145' title='bbox 381 2430 686 2514; x_wconf 90' lang='lat' dir='ltr'>procedendumque</span> <span class='ocrx_word' id='word_1_146' title='bbox 702 2431 906 2513; x_wconf 85' lang='lat' dir='ltr'>magnanime</span> <span class='ocrx_word' id='word_1_147' title='bbox 923 2436 1036 2495; x_wconf 90' lang='lat' dir='ltr'>contra</span> <span class='ocrx_word' id='word_1_148' title='bbox 1053 2431 1229 2511; x_wconf 90' lang='lat' dir='ltr'>inimicum,</span> <span class='ocrx_word' id='word_1_149' title='bbox 1245 2434 1281 2494; x_wconf 89' lang='lat' dir='ltr'>ut</span> <span class='ocrx_word' id='word_1_150' title='bbox 1298 2427 1330 2494; x_wconf 85' lang='lat' dir='ltr'>S.</span> <span class='ocrx_word' id='word_1_151' title='bbox 1347 2427 1511 2512; x_wconf 81' lang='lat' dir='ltr'>Pontifex,</span> 
     </span>
     <span class='ocr_line' id='line_1_20' title="bbox 380 2537 1511 2623; baseline 0 -21"><span class='ocrx_word' id='word_1_152' title='bbox 380 2539 569 2620; x_wconf 83' lang='lat' dir='ltr'>reliquoque</span> <span class='ocrx_word' id='word_1_153' title='bbox 594 2539 738 2623; x_wconf 88' lang='lat' dir='ltr'>potentie</span> <span class='ocrx_word' id='word_1_154' title='bbox 754 2540 951 2622; x_wconf 85' lang='lat' dir='ltr'>intelligant,</span> <span class='ocrx_word' id='word_1_155' title='bbox 978 2537 1123 2605; x_wconf 83' lang='lat' dir='ltr'>subsidia</span> <span class='ocrx_word' id='word_1_156' title='bbox 1139 2539 1278 2621; x_wconf 91' lang='lat' dir='ltr'>prestita</span> <span class='ocrx_word' id='word_1_157' title='bbox 1294 2537 1392 2602; x_wconf 90' lang='lat' dir='ltr'>rebus</span> <span class='ocrx_word' id='word_1_158' title='bbox 1409 2537 1511 2603; x_wconf 89' lang='lat' dir='ltr'>obris-</span> 
     </span>
     <span class='ocr_line' id='line_1_21' title="bbox 381 2646 1511 2733; baseline 0.002 -23"><span class='ocrx_word' id='word_1_159' title='bbox 381 2648 481 2712; x_wconf 89' lang='lat' dir='ltr'>tianis</span> <span class='ocrx_word' id='word_1_160' title='bbox 506 2648 717 2730; x_wconf 84' lang='lat' dir='ltr'>singulariter</span> <span class='ocrx_word' id='word_1_161' title='bbox 732 2647 903 2731; x_wconf 86' lang='lat' dir='ltr'>profuisse,</span> <span class='ocrx_word' id='word_1_162' title='bbox 928 2653 961 2712; x_wconf 91' lang='lat' dir='ltr'>et</span> <span class='ocrx_word' id='word_1_163' title='bbox 978 2647 1019 2712; x_wconf 90' lang='lat' dir='ltr'>ad</span> <span class='ocrx_word' id='word_1_164' title='bbox 1036 2649 1161 2733; x_wconf 85' lang='lat' dir='ltr'>majora</span> <span class='ocrx_word' id='word_1_165' title='bbox 1177 2646 1364 2732; x_wconf 84' lang='lat' dir='ltr'>prestanda,</span> <span class='ocrx_word' id='word_1_166' title='bbox 1389 2653 1422 2712; x_wconf 88' lang='lat' dir='ltr'>et</span> <span class='ocrx_word' id='word_1_167' title='bbox 1439 2670 1511 2712; x_wconf 90' lang='lat' dir='ltr'>oon·</span> 
     </span>
     <span class='ocr_line' id='line_1_22' title="bbox 382 2756 1512 2840; baseline 0.002 -20"><span class='ocrx_word' id='word_1_168' title='bbox 382 2762 555 2838; x_wconf 88' lang='lat' dir='ltr'>sequenter</span> <span class='ocrx_word' id='word_1_169' title='bbox 588 2757 630 2821; x_wconf 90' lang='lat' dir='ltr'>ad</span> <span class='ocrx_word' id='word_1_170' title='bbox 657 2763 812 2838; x_wconf 87' lang='lat' dir='ltr'>sanctam,</span> <span class='ocrx_word' id='word_1_171' title='bbox 852 2757 1036 2840; x_wconf 85' lang='lat' dir='ltr'>generalem</span> <span class='ocrx_word' id='word_1_172' title='bbox 1070 2756 1307 2840; x_wconf 84' lang='lat' dir='ltr'>expeditionem</span> <span class='ocrx_word' id='word_1_173' title='bbox 1334 2756 1512 2822; x_wconf 83' lang='lat' dir='ltr'>ferventius</span> 
     </span>
     <span class='ocr_line' id='line_1_23' title="bbox 382 2864 1511 2950; baseline 0.002 -22"><span class='ocrx_word' id='word_1_174' title='bbox 382 2864 606 2948; x_wconf 87' lang='lat' dir='ltr'>disponantur,</span> <span class='ocrx_word' id='word_1_175' title='bbox 633 2870 666 2931; x_wconf 88' lang='lat' dir='ltr'>et</span> <span class='ocrx_word' id='word_1_176' title='bbox 686 2865 745 2929; x_wconf 87' lang='lat' dir='ltr'>hoc</span> <span class='ocrx_word' id='word_1_177' title='bbox 764 2887 827 2930; x_wconf 91' lang='lat' dir='ltr'>non</span> <span class='ocrx_word' id='word_1_178' title='bbox 844 2866 947 2932; x_wconf 91' lang='lat' dir='ltr'>solum</span> <span class='ocrx_word' id='word_1_179' title='bbox 962 2867 1068 2948; x_wconf 89' lang='lat' dir='ltr'>primo</span> <span class='ocrx_word' id='word_1_180' title='bbox 1085 2885 1261 2946; x_wconf 86' lang='lat' dir='ltr'>congressu</span> <span class='ocrx_word' id='word_1_181' title='bbox 1277 2872 1308 2930; x_wconf 90' lang='lat' dir='ltr'>et</span> <span class='ocrx_word' id='word_1_182' title='bbox 1324 2866 1387 2930; x_wconf 85' lang='lat' dir='ltr'>hac</span> <span class='ocrx_word' id='word_1_183' title='bbox 1402 2867 1511 2950; x_wconf 88' lang='lat' dir='ltr'>prima</span> 
     </span>
     <span class='ocr_line' id='line_1_24' title="bbox 382 2973 1509 3057; baseline -0.003 -18"><span class='ocrx_word' id='word_1_184' title='bbox 382 2974 558 3039; x_wconf 87' lang='lat' dir='ltr'>collatione</span> <span class='ocrx_word' id='word_1_185' title='bbox 574 2974 681 3054; x_wconf 87' lang='lat' dir='ltr'>facies,</span> <span class='ocrx_word' id='word_1_186' title='bbox 697 2974 753 3038; x_wconf 90' lang='lat' dir='ltr'>sed</span> <span class='ocrx_word' id='word_1_187' title='bbox 771 2975 870 3038; x_wconf 89' lang='lat' dir='ltr'>etiam</span> <span class='ocrx_word' id='word_1_188' title='bbox 886 2974 926 3038; x_wconf 90' lang='grc'>10</span> <span class='ocrx_word' id='word_1_189' title='bbox 941 2979 1087 3056; x_wconf 91' lang='lat' dir='ltr'>tempore</span> <span class='ocrx_word' id='word_1_190' title='bbox 1103 2973 1136 3036; x_wconf 90' lang='lat' dir='ltr'>in</span> <span class='ocrx_word' id='word_1_191' title='bbox 1153 2979 1289 3057; x_wconf 69' lang='lat' dir='ltr'>tempus</span> <span class='ocrx_word' id='word_1_192' title='bbox 1307 2974 1390 3038; x_wconf 88' lang='lat' dir='ltr'>sicut</span> <span class='ocrx_word' id='word_1_193' title='bbox 1400 2996 1509 3038; x_wconf 87' lang='lat' dir='ltr'>rerum</span> 
     </span>
     <span class='ocr_line' id='line_1_25' title="bbox 382 3082 1510 3166; baseline 0.001 -21"><span class='ocrx_word' id='word_1_194' title='bbox 382 3083 583 3148; x_wconf 88' lang='lat' dir='ltr'>conditiones</span> <span class='ocrx_word' id='word_1_195' title='bbox 601 3083 777 3165; x_wconf 87' lang='lat' dir='ltr'>requirent,</span> <span class='ocrx_word' id='word_1_196' title='bbox 802 3089 1046 3166; x_wconf 85' lang='lat' dir='ltr'>temporumque</span> <span class='ocrx_word' id='word_1_197' title='bbox 1062 3083 1246 3148; x_wconf 89' lang='lat' dir='ltr'>occasiones</span> <span class='ocrx_word' id='word_1_198' title='bbox 1263 3104 1296 3146; x_wconf 88' lang='lat' dir='ltr'>se</span> <span class='ocrx_word' id='word_1_199' title='bbox 1313 3103 1347 3146; x_wconf 89' lang='lat' dir='ltr'>se</span> <span class='ocrx_word' id='word_1_200' title='bbox 1362 3082 1424 3146; x_wconf 91' lang='lat' dir='ltr'>tibi</span> <span class='ocrx_word' id='word_1_201' title='bbox 1440 3104 1510 3165; x_wconf 89' lang='lat' dir='ltr'>pre-</span> 
     </span>
     <span class='ocr_line' id='line_1_26' title="bbox 381 3190 1511 3275; baseline 0 -21"><span class='ocrx_word' id='word_1_202' title='bbox 381 3191 521 3271; x_wconf 90' lang='lat' dir='ltr'>buerint,</span> <span class='ocrx_word' id='word_1_203' title='bbox 545 3213 626 3274; x_wconf 88' lang='lat' dir='ltr'>quas</span> <span class='ocrx_word' id='word_1_204' title='bbox 652 3196 688 3255; x_wconf 90' lang='lat' dir='ltr'>tu</span> <span class='ocrx_word' id='word_1_205' title='bbox 703 3192 770 3256; x_wconf 92' lang='lat' dir='ltr'>illic</span> <span class='ocrx_word' id='word_1_206' title='bbox 786 3192 902 3256; x_wconf 88' lang='lat' dir='ltr'>melius</span> <span class='ocrx_word' id='word_1_207' title='bbox 920 3213 1102 3275; x_wconf 84' lang='lat' dir='ltr'>cognosces,</span> <span class='ocrx_word' id='word_1_208' title='bbox 1130 3197 1162 3256; x_wconf 89' lang='lat' dir='ltr'>et</span> <span class='ocrx_word' id='word_1_209' title='bbox 1179 3190 1312 3274; x_wconf 70' lang='lat' dir='ltr'>videbis</span> <span class='ocrx_word' id='word_1_210' title='bbox 1339 3213 1437 3274; x_wconf 89' lang='lat' dir='ltr'>quam</span> <span class='ocrx_word' id='word_1_211' title='bbox 1452 3213 1511 3255; x_wconf 91' lang='lat' dir='ltr'>nos</span> 
     </span>
     <span class='ocr_line' id='line_1_27' title="bbox 381 3299 1510 3383; baseline -0.001 -20"><span class='ocrx_word' id='word_1_212' title='bbox 381 3301 434 3364; x_wconf 89' lang='lat' dir='ltr'>hic</span> <span class='ocrx_word' id='word_1_213' title='bbox 460 3299 520 3364; x_wconf 91' lang='lat' dir='ltr'>tibi</span> <span class='ocrx_word' id='word_1_214' title='bbox 536 3300 818 3382; x_wconf 88' lang='lat' dir='ltr'>impresentiarum</span> <span class='ocrx_word' id='word_1_215' title='bbox 833 3321 1012 3366; x_wconf 88' lang='lat' dir='ltr'>memorare</span> <span class='ocrx_word' id='word_1_216' title='bbox 1029 3301 1198 3383; x_wconf 89' lang='lat' dir='ltr'>possimus,</span> <span class='ocrx_word' id='word_1_217' title='bbox 1224 3301 1395 3382; x_wconf 88' lang='lat' dir='ltr'>operisque</span> <span class='ocrx_word' id='word_1_218' title='bbox 1413 3321 1510 3382; x_wconf 87' lang='lat' dir='ltr'>quan·</span> 
     </span>
     <span class='ocr_line' id='line_1_28' title="bbox 382 3406 1509 3492; baseline 0 -20"><span class='ocrx_word' id='word_1_219' title='bbox 382 3415 450 3472; x_wconf 91' lang='lat' dir='ltr'>tum</span> <span class='ocrx_word' id='word_1_220' title='bbox 476 3407 538 3472; x_wconf 88' lang='lat' dir='ltr'>tibi</span> <span class='ocrx_word' id='word_1_221' title='bbox 553 3407 690 3490; x_wconf 88' lang='lat' dir='ltr'>licuerit,</span> <span class='ocrx_word' id='word_1_222' title='bbox 716 3414 753 3472; x_wconf 92' lang='lat' dir='ltr'>ut</span> <span class='ocrx_word' id='word_1_223' title='bbox 769 3409 903 3491; x_wconf 88' lang='lat' dir='ltr'>pecunie</span> <span class='ocrx_word' id='word_1_224' title='bbox 920 3414 987 3472; x_wconf 89' lang='lat' dir='ltr'>tam</span> <span class='ocrx_word' id='word_1_225' title='bbox 1003 3430 1062 3491; x_wconf 90' lang='lat' dir='ltr'>per</span> <span class='ocrx_word' id='word_1_226' title='bbox 1079 3407 1112 3474; x_wconf 78' lang='lat' dir='ltr'>S.</span> <span class='ocrx_word' id='word_1_227' title='bbox 1129 3406 1321 3472; x_wconf 86' lang='lat' dir='ltr'>Pontificem</span> <span class='ocrx_word' id='word_1_228' title='bbox 1338 3430 1436 3490; x_wconf 84' lang='lat' dir='ltr'>quarn</span> <span class='ocrx_word' id='word_1_229' title='bbox 1452 3430 1509 3492; x_wconf 88' lang='lat' dir='ltr'>per</span> 
     </span>
     <span class='ocr_line' id='line_1_29' title="bbox 383 3516 1250 3599; baseline 0.001 -19"><span class='ocrx_word' id='word_1_230' title='bbox 383 3517 464 3580; x_wconf 89' lang='lat' dir='ltr'>alios</span> <span class='ocrx_word' id='word_1_231' title='bbox 481 3516 598 3580; x_wconf 89' lang='lat' dir='ltr'>collate</span> <span class='ocrx_word' id='word_1_232' title='bbox 616 3517 748 3598; x_wconf 83' lang='lat' dir='ltr'>utiliter,</span> <span class='ocrx_word' id='word_1_233' title='bbox 771 3517 1000 3599; x_wconf 87' lang='lat' dir='ltr'>fructuoseque</span> <span class='ocrx_word' id='word_1_234' title='bbox 1017 3516 1250 3599; x_wconf 89' lang='lat' dir='ltr'>expendantur.</span> 
     </span>
    </p>
   </div>
   <div class='ocr_carea' id='block_1_3' title="bbox 383 3623 1512 3744">
    <p class='ocr_par' dir='ltr' id='par_1_5' title="bbox 383 3623 1512 3744">
     <span class='ocr_line' id='line_1_30' title="bbox 383 3623 1512 3744; baseline -0.001 -35"><span class='ocrx_word' id='word_1_235' title='bbox 383 3623 762 3709; x_wconf 54' lang='grc' dir='ltr'>33119111θὸ00131111θῒὶ</span> <span class='ocrx_word' id='word_1_236' title='bbox 866 3643 949 3708; x_wconf 89' lang='lat' dir='ltr'>Post</span> <span class='ocrx_word' id='word_1_237' title='bbox 973 3644 1032 3708; x_wconf 93' lang='lat' dir='ltr'>hec</span> <span class='ocrx_word' id='word_1_238' title='bbox 1058 3645 1167 3708; x_wconf 91' lang='lat' dir='ltr'>omnia</span> <span class='ocrx_word' id='word_1_239' title='bbox 1193 3643 1300 3744; x_wconf 69' lang='lat' dir='ltr'>dioec,</span> <span class='ocrx_word' id='word_1_240' title='bbox 1315 3644 1403 3728; x_wconf 93' lang='lat' dir='ltr'>quod</span> <span class='ocrx_word' id='word_1_241' title='bbox 1430 3645 1512 3709; x_wconf 89' lang='lat' dir='ltr'>sicut</span> 
     </span>
    </p>
   </div>
   <div class='ocr_carea' id='block_1_4' title="bbox 382 3732 1512 3944">
    <p class='ocr_par' dir='ltr' id='par_1_6' title="bbox 382 3732 1512 3944">
     <span class='ocr_line' id='line_1_31' title="bbox 382 3732 1507 3836; baseline 0 -20"><span class='ocrx_word' id='word_1_242' title='bbox 382 3732 755 3833; x_wconf 48' lang='lat' dir='ltr'>stllOI&#39;UfflSaPlssllss-SE}</span> <span class='ocrx_word' id='word_1_243' title='bbox 812 3749 1007 3817; x_wconf 90' lang='lat' dir='ltr'>Oratoribus</span> <span class='ocrx_word' id='word_1_244' title='bbox 1025 3750 1091 3818; x_wconf 84' lang='lat' dir='ltr'>Sue</span> <span class='ocrx_word' id='word_1_245' title='bbox 1103 3751 1206 3835; x_wconf 86' lang='lat' dir='ltr'>Regio</span> <span class='ocrx_word' id='word_1_246' title='bbox 1216 3751 1414 3836; x_wconf 77' lang='lat' dir='ltr'>majestatis,</span> <span class='ocrx_word' id='word_1_247' title='bbox 1433 3750 1507 3816; x_wconf 92' lang='lat' dir='ltr'>dum</span> 
     </span>
     <span class='ocr_line' id='line_1_32' title="bbox 382 3857 1512 3944; baseline 0.002 -21"><span class='ocrx_word' id='word_1_248' title='bbox 382 3860 434 3926; x_wconf 90' lang='lat' dir='ltr'>bic</span> <span class='ocrx_word' id='word_1_249' title='bbox 460 3862 549 3944; x_wconf 88' lang='lat' dir='ltr'>apud</span> <span class='ocrx_word' id='word_1_250' title='bbox 575 3883 633 3926; x_wconf 91' lang='lat' dir='ltr'>nos</span> <span class='ocrx_word' id='word_1_251' title='bbox 650 3866 766 3941; x_wconf 90' lang='lat' dir='ltr'>esseut,</span> <span class='ocrx_word' id='word_1_252' title='bbox 793 3860 941 3940; x_wconf 85' lang='lat' dir='ltr'>diximus,</span> <span class='ocrx_word' id='word_1_253' title='bbox 969 3881 1008 3923; x_wconf 86' lang='lat' dir='ltr'>ex</span> <span class='ocrx_word' id='word_1_254' title='bbox 1025 3857 1313 3942; x_wconf 83' lang='lat' dir='ltr'>Constantinopoli</span> <span class='ocrx_word' id='word_1_255' title='bbox 1329 3862 1512 3943; x_wconf 86' lang='lat' dir='ltr'>pervarias</span> 
     </span>
    </p>
   </div>
   <div class='ocr_carea' id='block_1_5' title="bbox 382 3967 1513 4706">
    <p class='ocr_par' dir='ltr' id='par_1_7' title="bbox 382 3967 1513 4706">
     <span class='ocr_line' id='line_1_33' title="bbox 382 3967 1513 4055; baseline 0 -21"><span class='ocrx_word' id='word_1_256' title='bbox 382 3970 451 4036; x_wconf 87' lang='lat' dir='ltr'>vias</span> <span class='ocrx_word' id='word_1_257' title='bbox 470 3977 502 4036; x_wconf 88' lang='lat' dir='ltr'>et</span> <span class='ocrx_word' id='word_1_258' title='bbox 517 3970 626 4034; x_wconf 89' lang='lat' dir='ltr'>media</span> <span class='ocrx_word' id='word_1_259' title='bbox 643 3970 682 4035; x_wconf 90' lang='lat' dir='ltr'>de</span> <span class='ocrx_word' id='word_1_260' title='bbox 698 3991 777 4053; x_wconf 88' lang='lat' dir='ltr'>pace</span> <span class='ocrx_word' id='word_1_261' title='bbox 793 3970 912 4034; x_wconf 89' lang='lat' dir='ltr'>tentati</span> <span class='ocrx_word' id='word_1_262' title='bbox 922 3967 1051 4050; x_wconf 88' lang='lat' dir='ltr'>fuimus,</span> <span class='ocrx_word' id='word_1_263' title='bbox 1067 3969 1216 4052; x_wconf 89' lang='lat' dir='ltr'>interque</span> <span class='ocrx_word' id='word_1_264' title='bbox 1226 3969 1333 4032; x_wconf 90' lang='lat' dir='ltr'>media</span> <span class='ocrx_word' id='word_1_265' title='bbox 1344 3990 1402 4052; x_wconf 89' lang='lat' dir='ltr'>per</span> <span class='ocrx_word' id='word_1_266' title='bbox 1415 3991 1513 4055; x_wconf 91' lang='lat' dir='ltr'>quen·</span> 
     </span>
     <span class='ocr_line' id='line_1_34' title="bbox 383 4075 1512 4162; baseline -0.004 -18"><span class='ocrx_word' id='word_1_267' title='bbox 383 4081 458 4145; x_wconf 87' lang='lat' dir='ltr'>dam</span> <span class='ocrx_word' id='word_1_268' title='bbox 468 4078 657 4162; x_wconf 83' lang='lat' dir='ltr'>Raguseum</span> <span class='ocrx_word' id='word_1_269' title='bbox 673 4076 716 4142; x_wconf 91' lang='grc'>01</span> <span class='ocrx_word' id='word_1_270' title='bbox 733 4098 790 4142; x_wconf 91' lang='lat' dir='ltr'>nos</span> <span class='ocrx_word' id='word_1_271' title='bbox 807 4075 950 4158; x_wconf 85' lang='lat' dir='ltr'>missum,</span> <span class='ocrx_word' id='word_1_272' title='bbox 967 4077 1215 4143; x_wconf 87' lang='lat' dir='ltr'>MamutBassa</span> <span class='ocrx_word' id='word_1_273' title='bbox 1230 4098 1344 4160; x_wconf 89' lang='lat' dir='ltr'>paoem</span> <span class='ocrx_word' id='word_1_274' title='bbox 1364 4085 1512 4145; x_wconf 83' lang='lat' dir='ltr'>securam</span> 
     </span>
     <span class='ocr_line' id='line_1_35' title="bbox 383 4185 1511 4269; baseline -0.004 -16"><span class='ocrx_word' id='word_1_275' title='bbox 383 4196 416 4253; x_wconf 90' lang='grc'>01</span> <span class='ocrx_word' id='word_1_276' title='bbox 432 4187 644 4253; x_wconf 88' lang='lat' dir='ltr'>honorificam</span> <span class='ocrx_word' id='word_1_277' title='bbox 659 4185 752 4251; x_wconf 90' lang='lat' dir='ltr'>nobis</span> <span class='ocrx_word' id='word_1_278' title='bbox 770 4186 898 4269; x_wconf 83' lang='lat' dir='ltr'>optulit,</span> <span class='ocrx_word' id='word_1_279' title='bbox 914 4186 1153 4268; x_wconf 87' lang='lat' dir='ltr'>requisivitque,</span> <span class='ocrx_word' id='word_1_280' title='bbox 1169 4191 1206 4249; x_wconf 88' lang='lat' dir='ltr'>ut</span> <span class='ocrx_word' id='word_1_281' title='bbox 1223 4185 1366 4266; x_wconf 87' lang='lat' dir='ltr'>aliquem</span> <span class='ocrx_word' id='word_1_282' title='bbox 1384 4207 1423 4249; x_wconf 91' lang='lat' dir='ltr'>ex</span> <span class='ocrx_word' id='word_1_283' title='bbox 1439 4207 1511 4249; x_wconf 85' lang='lat' dir='ltr'>nos-</span> 
     </span>
     <span class='ocr_line' id='line_1_36' title="bbox 382 4293 1511 4378; baseline -0.004 -16"><span class='ocrx_word' id='word_1_284' title='bbox 382 4298 442 4362; x_wconf 91' lang='lat' dir='ltr'>tris</span> <span class='ocrx_word' id='word_1_285' title='bbox 468 4297 545 4362; x_wconf 91' lang='lat' dir='ltr'>illuc</span> <span class='ocrx_word' id='word_1_286' title='bbox 568 4298 786 4362; x_wconf 84' lang='lat' dir='ltr'>mitteremus:</span> <span class='ocrx_word' id='word_1_287' title='bbox 813 4297 863 4360; x_wconf 91' lang='lat' dir='ltr'>cui</span> <span class='ocrx_word' id='word_1_288' title='bbox 881 4295 1116 4378; x_wconf 71' lang='lat' dir='ltr'>respondimus</span> <span class='ocrx_word' id='word_1_289' title='bbox 1142 4301 1177 4358; x_wconf 89' lang='lat' dir='ltr'>ut</span> <span class='ocrx_word' id='word_1_290' title='bbox 1194 4294 1284 4376; x_wconf 86' lang='lat' dir='ltr'>prius</span> <span class='ocrx_word' id='word_1_291' title='bbox 1302 4294 1375 4357; x_wconf 91' lang='lat' dir='ltr'>aliis</span> <span class='ocrx_word' id='word_1_292' title='bbox 1392 4293 1511 4358; x_wconf 88' lang='lat' dir='ltr'>fecera-</span> 
     </span>
     <span class='ocr_line' id='line_1_37' title="bbox 382 4402 1510 4488; baseline -0.004 -18"><span class='ocrx_word' id='word_1_293' title='bbox 382 4428 462 4488; x_wconf 75' lang='grc'><strong>0000,</strong></span> <span class='ocrx_word' id='word_1_294' title='bbox 487 4407 649 4471; x_wconf 85' lang='lat' dir='ltr'>neminem</span> <span class='ocrx_word' id='word_1_295' title='bbox 674 4427 714 4468; x_wconf 92' lang='lat' dir='ltr'>ex</span> <span class='ocrx_word' id='word_1_296' title='bbox 739 4405 858 4470; x_wconf 86' lang='lat' dir='ltr'>nostris</span> <span class='ocrx_word' id='word_1_297' title='bbox 884 4407 1011 4469; x_wconf 85' lang='lat' dir='ltr'>mittere</span> <span class='ocrx_word' id='word_1_298' title='bbox 1039 4404 1148 4487; x_wconf 90' lang='lat' dir='ltr'>aliquo</span> <span class='ocrx_word' id='word_1_299' title='bbox 1175 4403 1274 4483; x_wconf 78' lang='lat' dir='ltr'>velle,</span> <span class='ocrx_word' id='word_1_300' title='bbox 1299 4402 1356 4468; x_wconf 89' lang='lat' dir='ltr'>sed</span> <span class='ocrx_word' id='word_1_301' title='bbox 1380 4402 1510 4484; x_wconf 87' lang='lat' dir='ltr'>quaudo</span> 
     </span>
     <span class='ocr_line' id='line_1_38' title="bbox 382 4511 1509 4596; baseline 0 -20"><span class='ocrx_word' id='word_1_302' title='bbox 382 4513 476 4576; x_wconf 88' lang='lat' dir='ltr'>uobis</span> <span class='ocrx_word' id='word_1_303' title='bbox 494 4515 724 4596; x_wconf 88' lang='lat' dir='ltr'>exprimentur,</span> <span class='ocrx_word' id='word_1_304' title='bbox 741 4512 1057 4596; x_wconf 80' lang='lat' dir='ltr'>declarabunturque</span> <span class='ocrx_word' id='word_1_305' title='bbox 1074 4511 1261 4596; x_wconf 88' lang='lat' dir='ltr'>hujusmodi</span> <span class='ocrx_word' id='word_1_306' title='bbox 1278 4533 1390 4576; x_wconf 88' lang='lat' dir='ltr'>secure</span> <span class='ocrx_word' id='word_1_307' title='bbox 1407 4517 1440 4577; x_wconf 91' lang='lat' dir='ltr'>et</span> <span class='ocrx_word' id='word_1_308' title='bbox 1456 4511 1509 4576; x_wconf 91' lang='lat' dir='ltr'>ho·</span> 
     </span>
     <span class='ocr_line' id='line_1_39' title="bbox 383 4619 1508 4706; baseline -0.002 -20"><span class='ocrx_word' id='word_1_309' title='bbox 383 4621 515 4688; x_wconf 87' lang='lat' dir='ltr'>norifioe</span> <span class='ocrx_word' id='word_1_310' title='bbox 541 4620 738 4688; x_wconf 83' lang='lat' dir='ltr'>conditiones</span> <span class='ocrx_word' id='word_1_311' title='bbox 765 4621 855 4705; x_wconf 89' lang='lat' dir='ltr'>pacis</span> <span class='ocrx_word' id='word_1_312' title='bbox 881 4641 942 4704; x_wconf 92' lang='lat' dir='ltr'>pro</span> <span class='ocrx_word' id='word_1_313' title='bbox 959 4621 1073 4686; x_wconf 86' lang='lat' dir='ltr'>eadem</span> <span class='ocrx_word' id='word_1_314' title='bbox 1090 4619 1265 4706; x_wconf 81' lang='lat' dir='ltr'>Majestate</span> <span class='ocrx_word' id='word_1_315' title='bbox 1282 4625 1314 4684; x_wconf 92' lang='lat' dir='ltr'>et</span> <span class='ocrx_word' id='word_1_316' title='bbox 1330 4641 1389 4705; x_wconf 89' lang='lat' dir='ltr'>pro</span> <span class='ocrx_word' id='word_1_317' title='bbox 1406 4620 1508 4700; x_wconf 90' lang='lat' dir='ltr'>nobis,</span> 
     </span>
    </p>
   </div>
   <div class='ocr_carea' id='block_1_6' title="bbox 0 0 1667 5300">
    <p class='ocr_par' dir='ltr' id='par_1_8' title="bbox 0 0 1667 5300">
     <span class='ocr_line' id='line_1_40' title="bbox 0 0 1667 5300; baseline 0 0"><span class='ocrx_word' id='word_1_318' title='bbox 0 0 1667 5300; x_wconf 95' lang='lat' dir='ltr'> </span> 
     </span>
    </p>
   </div>
  </div>
 </body>
</html>
