<?xml version="1.0" encoding="UTF-8"?>
<!DOCTYPE html PUBLIC "-//W3C//DTD XHTML 1.0 Transitional//EN"
    "http://www.w3.org/TR/xhtml1/DTD/xhtml1-transitional.dtd">
<html xmlns="http://www.w3.org/1999/xhtml" xml:lang="en" lang="en">
 <head>
  <title>
</title>
<meta http-equiv="Content-Type" content="text/html;charset=utf-8" />
  <meta name='ocr-system' content='tesseract 3.04.00' />
  <meta name='ocr-capabilities' content='ocr_page ocr_carea ocr_par ocr_line ocrx_word'/>
</head>
<body>
  <div class='ocr_page' id='page_1' title='image "./magyardiplomacz01mattgoog_0370.png"; bbox 0 0 3314 5300; ppageno 0'>
   <div class='ocr_carea' id='block_1_1' title="bbox 0 0 5 1230">
    <p class='ocr_par' dir='ltr' id='par_1_1' title="bbox 0 0 5 1230">
     <span class='ocr_line' id='line_1_1' title="bbox 0 0 5 1230; baseline 0 0"><span class='ocrx_word' id='word_1_1' title='bbox 0 0 5 1230; x_wconf 95' lang='lat' dir='ltr'> </span> 
     </span>
    </p>
   </div>
   <div class='ocr_carea' id='block_1_2' title="bbox 368 390 1133 461">
    <p class='ocr_par' dir='ltr' id='par_1_2' title="bbox 368 390 1133 461">
     <span class='ocr_line' id='line_1_2' title="bbox 368 390 1133 461; baseline -0.001 -2"><span class='ocrx_word' id='word_1_2' title='bbox 368 390 431 461; x_wconf 81' lang='lat'>340</span> <span class='ocrx_word' id='word_1_3' title='bbox 716 408 950 460; x_wconf 76' lang='lat' dir='ltr'>orenousozmr</span> <span class='ocrx_word' id='word_1_4' title='bbox 965 395 1133 460; x_wconf 74' lang='lat' dir='ltr'>anabuns.</span> 
     </span>
    </p>
   </div>
   <div class='ocr_carea' id='block_1_3' title="bbox 367 572 1510 2395">
    <p class='ocr_par' dir='ltr' id='par_1_3' title="bbox 367 572 1510 2395">
     <span class='ocr_line' id='line_1_3' title="bbox 367 572 1496 660; baseline -0.004 -19"><span class='ocrx_word' id='word_1_5' title='bbox 367 573 535 641; x_wconf 78' lang='lat' dir='ltr'><strong>Sanctitas</strong></span> <span class='ocrx_word' id='word_1_6' title='bbox 562 572 675 640; x_wconf 85' lang='lat' dir='ltr'>fecerit</span> <span class='ocrx_word' id='word_1_7' title='bbox 700 597 772 639; x_wconf 92' lang='lat' dir='ltr'>cum</span> <span class='ocrx_word' id='word_1_8' title='bbox 799 576 873 660; x_wconf 86' lang='lat' dir='ltr'>alijs</span> <span class='ocrx_word' id='word_1_9' title='bbox 898 575 1120 659; x_wconf 89' lang='lat' dir='ltr'>potentatibus</span> <span class='ocrx_word' id='word_1_10' title='bbox 1146 574 1341 654; x_wconf 84' lang='lat' dir='ltr'>christianis,</span> <span class='ocrx_word' id='word_1_11' title='bbox 1373 578 1406 638; x_wconf 91' lang='lat' dir='ltr'>et</span> <span class='ocrx_word' id='word_1_12' title='bbox 1432 593 1496 656; x_wconf 89' lang='lat' dir='ltr'>qne</span> 
     </span>
     <span class='ocr_line' id='line_1_4' title="bbox 370 684 1497 769; baseline -0.004 -19"><span class='ocrx_word' id='word_1_13' title='bbox 370 686 470 750; x_wconf 89' lang='lat' dir='ltr'>etiam</span> <span class='ocrx_word' id='word_1_14' title='bbox 498 685 641 767; x_wconf 89' lang='lat' dir='ltr'>presidia</span> <span class='ocrx_word' id='word_1_15' title='bbox 666 684 805 751; x_wconf 86' lang='lat' dir='ltr'>conferri</span> <span class='ocrx_word' id='word_1_16' title='bbox 830 685 1015 766; x_wconf 83' lang='lat' dir='ltr'>habebunt3</span> <span class='ocrx_word' id='word_1_17' title='bbox 1047 707 1105 769; x_wconf 90' lang='lat' dir='ltr'>pro</span> <span class='ocrx_word' id='word_1_18' title='bbox 1132 685 1354 768; x_wconf 76' lang='lat' dir='ltr'>magnitudine</span> <span class='ocrx_word' id='word_1_19' title='bbox 1385 689 1497 748; x_wconf 91' lang='lat' dir='ltr'>tamen</span> 
     </span>
     <span class='ocr_line' id='line_1_5' title="bbox 371 789 1498 878; baseline -0.004 -20"><span class='ocrx_word' id='word_1_20' title='bbox 371 794 533 878; x_wconf 86' lang='lat' dir='ltr'>desiderij,</span> <span class='ocrx_word' id='word_1_21' title='bbox 561 799 594 858; x_wconf 89' lang='lat' dir='ltr'>et</span> <span class='ocrx_word' id='word_1_22' title='bbox 619 794 763 859; x_wconf 89' lang='lat' dir='ltr'>ardentis</span> <span class='ocrx_word' id='word_1_23' title='bbox 780 793 1002 877; x_wconf 76' lang='lat' dir='ltr'>dispositionis</span> <span class='ocrx_word' id='word_1_24' title='bbox 1018 800 1129 860; x_wconf 89' lang='lat' dir='ltr'>nostre</span> <span class='ocrx_word' id='word_1_25' title='bbox 1146 793 1189 858; x_wconf 91' lang='lat' dir='ltr'>ad</span> <span class='ocrx_word' id='word_1_26' title='bbox 1205 798 1351 858; x_wconf 77' lang='lat' dir='ltr'><strong>sanctam</strong></span> <span class='ocrx_word' id='word_1_27' title='bbox 1367 789 1498 875; x_wconf 87' lang='lat' dir='ltr'>expedi·</span> 
     </span>
     <span class='ocr_line' id='line_1_6' title="bbox 369 899 1498 986; baseline -0.004 -20"><span class='ocrx_word' id='word_1_28' title='bbox 369 903 491 968; x_wconf 90' lang='lat' dir='ltr'>tionem</span> <span class='ocrx_word' id='word_1_29' title='bbox 516 902 598 966; x_wconf 91' lang='lat' dir='ltr'>nihil</span> <span class='ocrx_word' id='word_1_30' title='bbox 623 907 691 966; x_wconf 91' lang='lat' dir='ltr'>tam</span> <span class='ocrx_word' id='word_1_31' title='bbox 708 901 797 984; x_wconf 91' lang='lat' dir='ltr'>apud</span> <span class='ocrx_word' id='word_1_32' title='bbox 814 900 845 968; x_wconf 85' lang='lat' dir='ltr'>S.</span> <span class='ocrx_word' id='word_1_33' title='bbox 861 901 1062 985; x_wconf 86' lang='lat' dir='ltr'>Pontificem,</span> <span class='ocrx_word' id='word_1_34' title='bbox 1087 923 1185 986; x_wconf 91' lang='lat' dir='ltr'>quam</span> <span class='ocrx_word' id='word_1_35' title='bbox 1202 902 1298 966; x_wconf 90' lang='lat' dir='ltr'>aliter</span> <span class='ocrx_word' id='word_1_36' title='bbox 1313 899 1498 984; x_wconf 93' lang='lat' dir='ltr'>pretermit-</span> 
     </span>
     <span class='ocr_line' id='line_1_7' title="bbox 369 1009 1498 1094; baseline -0.002 -20"><span class='ocrx_word' id='word_1_37' title='bbox 369 1016 475 1074; x_wconf 87' lang='lat' dir='ltr'>temus</span> <span class='ocrx_word' id='word_1_38' title='bbox 491 1029 530 1073; x_wconf 85' lang='lat' dir='ltr'>ex</span> <span class='ocrx_word' id='word_1_39' title='bbox 546 1015 642 1093; x_wconf 90' lang='lat' dir='ltr'>parte</span> <span class='ocrx_word' id='word_1_40' title='bbox 657 1016 781 1090; x_wconf 91' lang='lat' dir='ltr'>nostra,</span> <span class='ocrx_word' id='word_1_41' title='bbox 796 1016 833 1074; x_wconf 89' lang='lat' dir='ltr'>ut</span> <span class='ocrx_word' id='word_1_42' title='bbox 849 1010 981 1076; x_wconf 86' lang='lat' dir='ltr'>effectus</span> <span class='ocrx_word' id='word_1_43' title='bbox 998 1011 1059 1075; x_wconf 91' lang='lat' dir='ltr'>iste</span> <span class='ocrx_word' id='word_1_44' title='bbox 1075 1010 1227 1094; x_wconf 84' lang='lat' dir='ltr'>subsequi</span> <span class='ocrx_word' id='word_1_45' title='bbox 1241 1009 1352 1094; x_wconf 86' lang='lat' dir='ltr'>possit,</span> <span class='ocrx_word' id='word_1_46' title='bbox 1367 1015 1401 1074; x_wconf 93' lang='lat' dir='ltr'>et</span> <span class='ocrx_word' id='word_1_47' title='bbox 1418 1029 1498 1092; x_wconf 92' lang='lat' dir='ltr'>quo-</span> 
     </span>
     <span class='ocr_line' id='line_1_8' title="bbox 368 1117 1499 1203; baseline -0.002 -20"><span class='ocrx_word' id='word_1_48' title='bbox 368 1118 463 1183; x_wconf 90' lang='lat' dir='ltr'>modo</span> <span class='ocrx_word' id='word_1_49' title='bbox 479 1117 728 1185; x_wconf 90' lang='lat' dir='ltr'>Dominationes</span> <span class='ocrx_word' id='word_1_50' title='bbox 746 1117 811 1184; x_wconf 83' lang='lat' dir='ltr'>Sue</span> <span class='ocrx_word' id='word_1_51' title='bbox 836 1121 934 1185; x_wconf 92' lang='lat' dir='ltr'>etiam</span> <span class='ocrx_word' id='word_1_52' title='bbox 959 1120 1125 1203; x_wconf 90' lang='lat' dir='ltr'>petierunt</span> <span class='ocrx_word' id='word_1_53' title='bbox 1150 1118 1288 1202; x_wconf 88' lang='lat' dir='ltr'>anobis,</span> <span class='ocrx_word' id='word_1_54' title='bbox 1312 1117 1499 1199; x_wconf 89' lang='lat' dir='ltr'>intelligere</span> 
     </span>
     <span class='ocr_line' id='line_1_9' title="bbox 369 1225 1510 1312; baseline -0.003 -19"><span class='ocrx_word' id='word_1_55' title='bbox 369 1227 512 1312; x_wconf 89' lang='lat' dir='ltr'>presidia</span> <span class='ocrx_word' id='word_1_56' title='bbox 531 1228 608 1293; x_wconf 90' lang='lat' dir='ltr'>anni</span> <span class='ocrx_word' id='word_1_57' title='bbox 624 1227 737 1310; x_wconf 80' lang='lat' dir='ltr'>futuri,</span> <span class='ocrx_word' id='word_1_58' title='bbox 753 1227 898 1310; x_wconf 85' lang='lat' dir='ltr'>dicimus,</span> <span class='ocrx_word' id='word_1_59' title='bbox 925 1227 1013 1311; x_wconf 91' lang='lat' dir='ltr'>quod</span> <span class='ocrx_word' id='word_1_60' title='bbox 1029 1228 1072 1293; x_wconf 94' lang='lat' dir='ltr'>ad</span> <span class='ocrx_word' id='word_1_61' title='bbox 1089 1228 1174 1293; x_wconf 88' lang='lat' dir='ltr'>festa</span> <span class='ocrx_word' id='word_1_62' title='bbox 1190 1227 1379 1308; x_wconf 76' lang='lat' dir='ltr'>nativitatis,</span> <span class='ocrx_word' id='word_1_63' title='bbox 1401 1225 1510 1310; x_wconf 85' lang='lat' dir='ltr'>juxta</span> 
     </span>
     <span class='ocr_line' id='line_1_10' title="bbox 370 1334 1499 1420; baseline -0.003 -18"><span class='ocrx_word' id='word_1_64' title='bbox 370 1338 469 1402; x_wconf 90' lang='lat' dir='ltr'>etiam</span> <span class='ocrx_word' id='word_1_65' title='bbox 494 1338 736 1420; x_wconf 84' lang='lat' dir='ltr'>responsionem</span> <span class='ocrx_word' id='word_1_66' title='bbox 752 1334 847 1401; x_wconf 84' lang='lat' dir='ltr'>Rom.</span> <span class='ocrx_word' id='word_1_67' title='bbox 864 1335 1034 1400; x_wconf 88' lang='lat' dir='ltr'>Pontificis</span> <span class='ocrx_word' id='word_1_68' title='bbox 1059 1357 1118 1400; x_wconf 89' lang='lat' dir='ltr'>nos</span> <span class='ocrx_word' id='word_1_69' title='bbox 1135 1339 1220 1404; x_wconf 87' lang='lat' dir='ltr'>circa</span> <span class='ocrx_word' id='word_1_70' title='bbox 1235 1358 1304 1401; x_wconf 91' lang='lat' dir='ltr'>rem</span> <span class='ocrx_word' id='word_1_71' title='bbox 1319 1336 1418 1400; x_wconf 91' lang='lat' dir='ltr'>istam</span> <span class='ocrx_word' id='word_1_72' title='bbox 1434 1357 1499 1400; x_wconf 89' lang='lat' dir='ltr'>me·</span> 
     </span>
     <span class='ocr_line' id='line_1_11' title="bbox 370 1445 1500 1530; baseline -0.002 -20"><span class='ocrx_word' id='word_1_73' title='bbox 370 1447 433 1511; x_wconf 86' lang='lat' dir='ltr'>iius</span> <span class='ocrx_word' id='word_1_74' title='bbox 450 1452 482 1510; x_wconf 89' lang='lat' dir='ltr'>et</span> <span class='ocrx_word' id='word_1_75' title='bbox 497 1446 737 1530; x_wconf 84' lang='lat' dir='ltr'>particularius,</span> <span class='ocrx_word' id='word_1_76' title='bbox 754 1445 830 1510; x_wconf 86' lang='lat' dir='ltr'>visis</span> <span class='ocrx_word' id='word_1_77' title='bbox 846 1468 957 1512; x_wconf 90' lang='lat' dir='ltr'>rerum</span> <span class='ocrx_word' id='word_1_78' title='bbox 968 1445 1174 1528; x_wconf 70' lang='lat' dir='ltr'>successibus</span> <span class='ocrx_word' id='word_1_79' title='bbox 1191 1451 1224 1511; x_wconf 92' lang='lat' dir='ltr'>et</span> <span class='ocrx_word' id='word_1_80' title='bbox 1232 1445 1281 1525; x_wconf 86' lang='lat' dir='ltr'>iis,</span> <span class='ocrx_word' id='word_1_81' title='bbox 1298 1466 1359 1527; x_wconf 91' lang='lat' dir='ltr'>que</span> <span class='ocrx_word' id='word_1_82' title='bbox 1369 1445 1500 1509; x_wconf 89' lang='lat' dir='ltr'>interea</span> 
     </span>
     <span class='ocr_line' id='line_1_12' title="bbox 373 1550 1501 1641; baseline -0.005 -21"><span class='ocrx_word' id='word_1_83' title='bbox 373 1576 431 1641; x_wconf 89' lang='lat' dir='ltr'>per</span> <span class='ocrx_word' id='word_1_84' title='bbox 449 1553 549 1620; x_wconf 85' lang='lat' dir='ltr'>Suam</span> <span class='ocrx_word' id='word_1_85' title='bbox 564 1553 603 1618; x_wconf 93' lang='lat' dir='ltr'>B.</span> <span class='ocrx_word' id='word_1_86' title='bbox 620 1554 839 1637; x_wconf 84' lang='lat' dir='ltr'>disponentur,</span> <span class='ocrx_word' id='word_1_87' title='bbox 864 1576 1018 1619; x_wconf 90' lang='lat' dir='ltr'>unacum</span> <span class='ocrx_word' id='word_1_88' title='bbox 1036 1576 1075 1620; x_wconf 93' lang='lat' dir='ltr'>ea</span> <span class='ocrx_word' id='word_1_89' title='bbox 1091 1553 1364 1638; x_wconf 86' lang='lat' dir='ltr'>respondebimus,</span> <span class='ocrx_word' id='word_1_90' title='bbox 1382 1550 1501 1618; x_wconf 90' lang='lat' dir='ltr'>certifi-</span> 
     </span>
     <span class='ocr_line' id='line_1_13' title="bbox 373 1658 1501 1745; baseline -0.004 -17"><span class='ocrx_word' id='word_1_91' title='bbox 373 1667 483 1728; x_wconf 87' lang='lat' dir='ltr'>cantes</span> <span class='ocrx_word' id='word_1_92' title='bbox 500 1684 540 1728; x_wconf 84' lang='lat' dir='ltr'>ex</span> <span class='ocrx_word' id='word_1_93' title='bbox 555 1683 641 1726; x_wconf 90' lang='lat' dir='ltr'>nunc</span> <span class='ocrx_word' id='word_1_94' title='bbox 658 1662 744 1744; x_wconf 92' lang='lat' dir='ltr'>ipsos</span> <span class='ocrx_word' id='word_1_95' title='bbox 760 1658 920 1728; x_wconf 91' lang='lat' dir='ltr'>Dominos</span> <span class='ocrx_word' id='word_1_96' title='bbox 940 1661 1108 1745; x_wconf 86' lang='lat' dir='ltr'>Oratores,</span> <span class='ocrx_word' id='word_1_97' title='bbox 1125 1661 1211 1745; x_wconf 93' lang='lat' dir='ltr'>quod</span> <span class='ocrx_word' id='word_1_98' title='bbox 1228 1683 1292 1744; x_wconf 92' lang='lat' dir='ltr'>pro</span> <span class='ocrx_word' id='word_1_99' title='bbox 1303 1660 1364 1726; x_wconf 89' lang='lat' dir='ltr'>hac</span> <span class='ocrx_word' id='word_1_100' title='bbox 1383 1667 1501 1726; x_wconf 87' lang='lat' dir='ltr'>sancta</span> 
     </span>
     <span class='ocr_line' id='line_1_14' title="bbox 373 1768 1501 1855; baseline -0.002 -20"><span class='ocrx_word' id='word_1_101' title='bbox 373 1769 577 1855; x_wconf 81' lang='lat' dir='ltr'>expeditione</span> <span class='ocrx_word' id='word_1_102' title='bbox 593 1769 740 1855; x_wconf 87' lang='lat' dir='ltr'>generali</span> <span class='ocrx_word' id='word_1_103' title='bbox 752 1769 977 1854; x_wconf 89' lang='lat' dir='ltr'>comparanda,</span> <span class='ocrx_word' id='word_1_104' title='bbox 995 1770 1092 1852; x_wconf 91' lang='lat' dir='ltr'>inque</span> <span class='ocrx_word' id='word_1_105' title='bbox 1104 1771 1259 1835; x_wconf 90' lang='lat' dir='ltr'>honorem</span> <span class='ocrx_word' id='word_1_106' title='bbox 1270 1768 1334 1835; x_wconf 92' lang='lat' dir='ltr'>Dei</span> <span class='ocrx_word' id='word_1_107' title='bbox 1345 1776 1378 1833; x_wconf 86' lang='lat' dir='ltr'>et</span> <span class='ocrx_word' id='word_1_108' title='bbox 1388 1776 1501 1834; x_wconf 91' lang='lat' dir='ltr'>sancte</span> 
     </span>
     <span class='ocr_line' id='line_1_15' title="bbox 371 1876 1503 1962; baseline -0.003 -19"><span class='ocrx_word' id='word_1_109' title='bbox 371 1879 538 1962; x_wconf 84' lang='lat' dir='ltr'>religionis</span> <span class='ocrx_word' id='word_1_110' title='bbox 564 1900 628 1959; x_wconf 91' lang='lat' dir='ltr'>sue,</span> <span class='ocrx_word' id='word_1_111' title='bbox 653 1898 776 1962; x_wconf 88' lang='lat' dir='ltr'>proque</span> <span class='ocrx_word' id='word_1_112' title='bbox 800 1877 923 1943; x_wconf 91' lang='lat' dir='ltr'>honore</span> <span class='ocrx_word' id='word_1_113' title='bbox 947 1882 980 1942; x_wconf 88' lang='lat' dir='ltr'>et</span> <span class='ocrx_word' id='word_1_114' title='bbox 1004 1878 1111 1960; x_wconf 89' lang='lat' dir='ltr'>gloria</span> <span class='ocrx_word' id='word_1_115' title='bbox 1138 1877 1242 1961; x_wconf 87' lang='lat' dir='ltr'>Regie</span> <span class='ocrx_word' id='word_1_116' title='bbox 1258 1876 1445 1962; x_wconf 81' lang='lat' dir='ltr'>Majestatis</span> <span class='ocrx_word' id='word_1_117' title='bbox 1462 1899 1503 1943; x_wconf 86' lang='lat' dir='ltr'>ex</span> 
     </span>
     <span class='ocr_line' id='line_1_16' title="bbox 372 1985 1501 2071; baseline -0.003 -18"><span class='ocrx_word' id='word_1_118' title='bbox 372 1993 467 2071; x_wconf 89' lang='lat' dir='ltr'>parte</span> <span class='ocrx_word' id='word_1_119' title='bbox 492 1991 607 2052; x_wconf 88' lang='lat' dir='ltr'>nostra</span> <span class='ocrx_word' id='word_1_120' title='bbox 632 1985 712 2050; x_wconf 92' lang='lat' dir='ltr'>nihil</span> <span class='ocrx_word' id='word_1_121' title='bbox 737 1985 978 2068; x_wconf 87' lang='lat' dir='ltr'>pretermissuri</span> <span class='ocrx_word' id='word_1_122' title='bbox 1005 2007 1114 2052; x_wconf 86' lang='lat' dir='ltr'>sumus</span> <span class='ocrx_word' id='word_1_123' title='bbox 1131 2009 1242 2052; x_wconf 90' lang='lat' dir='ltr'>eorum</span> <span class='ocrx_word' id='word_1_124' title='bbox 1259 1986 1410 2070; x_wconf 90' lang='lat' dir='ltr'>omnium,</span> <span class='ocrx_word' id='word_1_125' title='bbox 1437 2007 1501 2068; x_wconf 92' lang='lat' dir='ltr'>que</span> 
     </span>
     <span class='ocr_line' id='line_1_17' title="bbox 376 2092 1502 2177; baseline -0.001 -16"><span class='ocrx_word' id='word_1_126' title='bbox 376 2097 476 2162; x_wconf 89' lang='lat' dir='ltr'>etiam</span> <span class='ocrx_word' id='word_1_127' title='bbox 501 2095 589 2160; x_wconf 89' lang='lat' dir='ltr'>ultra</span> <span class='ocrx_word' id='word_1_128' title='bbox 613 2095 697 2159; x_wconf 86' lang='lat' dir='ltr'>vires</span> <span class='ocrx_word' id='word_1_129' title='bbox 723 2099 853 2159; x_wconf 90' lang='lat' dir='ltr'>nostras</span> <span class='ocrx_word' id='word_1_130' title='bbox 868 2093 940 2158; x_wconf 88' lang='lat' dir='ltr'>fieri</span> <span class='ocrx_word' id='word_1_131' title='bbox 955 2099 1117 2177; x_wconf 88' lang='lat' dir='ltr'>poterunt.</span> <span class='ocrx_word' id='word_1_132' title='bbox 1148 2095 1282 2160; x_wconf 90' lang='lat' dir='ltr'>Interea</span> <span class='ocrx_word' id='word_1_133' title='bbox 1298 2115 1373 2160; x_wconf 85' lang='lat' dir='ltr'>rero</span> <span class='ocrx_word' id='word_1_134' title='bbox 1390 2092 1502 2160; x_wconf 91' lang='lat' dir='ltr'>horta·</span> 
     </span>
     <span class='ocr_line' id='line_1_18' title="bbox 371 2202 1501 2287; baseline 0 -19"><span class='ocrx_word' id='word_1_135' title='bbox 371 2226 452 2287; x_wconf 90' lang='lat' dir='ltr'>mur,</span> <span class='ocrx_word' id='word_1_136' title='bbox 478 2225 516 2269; x_wconf 85' lang='lat' dir='ltr'>ae</span> <span class='ocrx_word' id='word_1_137' title='bbox 541 2203 759 2286; x_wconf 88' lang='lat' dir='ltr'>maximopere</span> <span class='ocrx_word' id='word_1_138' title='bbox 784 2223 937 2284; x_wconf 89' lang='lat' dir='ltr'>rogamus</span> <span class='ocrx_word' id='word_1_139' title='bbox 962 2202 1101 2284; x_wconf 86' lang='lat' dir='ltr'>Regiam</span> <span class='ocrx_word' id='word_1_140' title='bbox 1127 2202 1353 2286; x_wconf 69' lang='lat' dir='ltr'>serenitatem,</span> <span class='ocrx_word' id='word_1_141' title='bbox 1378 2207 1415 2267; x_wconf 90' lang='lat' dir='ltr'>ut</span> <span class='ocrx_word' id='word_1_142' title='bbox 1440 2224 1501 2286; x_wconf 88' lang='lat' dir='ltr'>pro</span> 
     </span>
     <span class='ocr_line' id='line_1_19' title="bbox 372 2311 1501 2395; baseline -0.003 -17"><span class='ocrx_word' id='word_1_143' title='bbox 372 2315 490 2378; x_wconf 84' lang='lat' dir='ltr'>virtute</span> <span class='ocrx_word' id='word_1_144' title='bbox 507 2319 541 2378; x_wconf 88' lang='lat' dir='ltr'>et</span> <span class='ocrx_word' id='word_1_145' title='bbox 555 2312 821 2395; x_wconf 84' lang='lat' dir='ltr'>magnanimitate</span> <span class='ocrx_word' id='word_1_146' title='bbox 838 2333 905 2392; x_wconf 91' lang='lat' dir='ltr'>sua,</span> <span class='ocrx_word' id='word_1_147' title='bbox 922 2311 1047 2376; x_wconf 90' lang='lat' dir='ltr'>cunctis</span> <span class='ocrx_word' id='word_1_148' title='bbox 1063 2311 1185 2376; x_wconf 86' lang='lat' dir='ltr'>viribus</span> <span class='ocrx_word' id='word_1_149' title='bbox 1202 2318 1281 2395; x_wconf 89' lang='lat' dir='ltr'>agat</span> <span class='ocrx_word' id='word_1_150' title='bbox 1298 2318 1412 2378; x_wconf 89' lang='lat' dir='ltr'>contra</span> <span class='ocrx_word' id='word_1_151' title='bbox 1426 2311 1501 2376; x_wconf 93' lang='lat' dir='ltr'>hos-</span> 
     </span>
    </p>
   </div>
   <div class='ocr_carea' id='block_1_4' title="bbox 372 2417 1626 2516">
    <p class='ocr_par' dir='ltr' id='par_1_4' title="bbox 372 2417 1626 2516">
     <span class='ocr_line' id='line_1_20' title="bbox 372 2417 1626 2516; baseline -0.002 -29"><span class='ocrx_word' id='word_1_152' title='bbox 372 2430 446 2503; x_wconf 94' lang='lat' dir='ltr'>tem,</span> <span class='ocrx_word' id='word_1_153' title='bbox 471 2422 519 2486; x_wconf 89' lang='lat' dir='ltr'>ita</span> <span class='ocrx_word' id='word_1_154' title='bbox 545 2420 631 2504; x_wconf 92' lang='lat' dir='ltr'>quod</span> <span class='ocrx_word' id='word_1_155' title='bbox 656 2426 689 2485; x_wconf 90' lang='lat' dir='ltr'>et</span> <span class='ocrx_word' id='word_1_156' title='bbox 705 2417 907 2512; x_wconf 58' lang='lat' dir='ltr'>SqPontifex</span> <span class='ocrx_word' id='word_1_157' title='bbox 932 2425 966 2484; x_wconf 91' lang='lat' dir='ltr'>et</span> <span class='ocrx_word' id='word_1_158' title='bbox 990 2420 1043 2504; x_wconf 90' lang='lat' dir='ltr'>alij</span> <span class='ocrx_word' id='word_1_159' title='bbox 1062 2426 1249 2504; x_wconf 86' lang='lat' dir='ltr'>potentatus</span> <span class='ocrx_word' id='word_1_160' title='bbox 1265 2420 1453 2504; x_wconf 89' lang='lat' dir='ltr'>intelligant</span> <span class='ocrx_word' id='word_1_161' title='bbox 1469 2426 1503 2484; x_wconf 92' lang='lat' dir='ltr'>et</span> <span class='ocrx_word' id='word_1_162' title='bbox 1620 2506 1626 2516; x_wconf 28' lang='grc' dir='ltr'>ι</span> 
     </span>
    </p>
   </div>
   <div class='ocr_carea' id='block_1_5' title="bbox 372 2527 1506 3590">
    <p class='ocr_par' dir='ltr' id='par_1_5' title="bbox 372 2527 1502 2832">
     <span class='ocr_line' id='line_1_21' title="bbox 373 2527 1502 2615; baseline -0.003 -20"><span class='ocrx_word' id='word_1_163' title='bbox 373 2532 458 2596; x_wconf 86' lang='lat' dir='ltr'>vires</span> <span class='ocrx_word' id='word_1_164' title='bbox 484 2530 673 2615; x_wconf 86' lang='lat' dir='ltr'>Majestatis</span> <span class='ocrx_word' id='word_1_165' title='bbox 690 2527 755 2595; x_wconf 82' lang='lat' dir='ltr'>Sue</span> <span class='ocrx_word' id='word_1_166' title='bbox 772 2535 804 2594; x_wconf 88' lang='lat' dir='ltr'>et</span> <span class='ocrx_word' id='word_1_167' title='bbox 820 2529 963 2612; x_wconf 90' lang='lat' dir='ltr'>presidia</span> <span class='ocrx_word' id='word_1_168' title='bbox 980 2529 1042 2595; x_wconf 91' lang='lat' dir='ltr'>sibi</span> <span class='ocrx_word' id='word_1_169' title='bbox 1058 2530 1188 2612; x_wconf 92' lang='lat' dir='ltr'>collata,</span> <span class='ocrx_word' id='word_1_170' title='bbox 1215 2531 1311 2614; x_wconf 90' lang='lat' dir='ltr'>digne</span> <span class='ocrx_word' id='word_1_171' title='bbox 1327 2535 1360 2595; x_wconf 93' lang='lat' dir='ltr'>et</span> <span class='ocrx_word' id='word_1_172' title='bbox 1375 2529 1502 2594; x_wconf 91' lang='lat' dir='ltr'>utiliter</span> 
     </span>
     <span class='ocr_line' id='line_1_22' title="bbox 372 2637 1502 2724; baseline -0.002 -20"><span class='ocrx_word' id='word_1_173' title='bbox 372 2641 575 2724; x_wconf 90' lang='lat' dir='ltr'>processisse,</span> <span class='ocrx_word' id='word_1_174' title='bbox 610 2639 856 2722; x_wconf 89' lang='lat' dir='ltr'>animenturque</span> <span class='ocrx_word' id='word_1_175' title='bbox 884 2637 1058 2703; x_wconf 83' lang='lat' dir='ltr'>ferventius</span> <span class='ocrx_word' id='word_1_176' title='bbox 1084 2638 1126 2703; x_wconf 91' lang='lat' dir='ltr'>ad</span> <span class='ocrx_word' id='word_1_177' title='bbox 1152 2645 1300 2706; x_wconf 90' lang='lat' dir='ltr'>sanctum</span> <span class='ocrx_word' id='word_1_178' title='bbox 1325 2637 1502 2722; x_wconf 83' lang='lat' dir='ltr'>expeditio-</span> 
     </span>
     <span class='ocr_line' id='line_1_23' title="bbox 374 2750 528 2832; baseline 0 -20"><span class='ocrx_word' id='word_1_179' title='bbox 374 2750 424 2814; x_wconf 89' lang='lat' dir='ltr'>nis</span> <span class='ocrx_word' id='word_1_180' title='bbox 441 2770 528 2832; x_wconf 91' lang='lat' dir='ltr'>opus.</span> 
     </span>
    </p>

    <p class='ocr_par' dir='ltr' id='par_1_6' title="bbox 374 2852 1504 3270">
     <span class='ocr_line' id='line_1_24' title="bbox 482 2852 1503 2939; baseline -0.004 -19"><span class='ocrx_word' id='word_1_181' title='bbox 482 2853 556 2920; x_wconf 91' lang='lat' dir='ltr'>Hec</span> <span class='ocrx_word' id='word_1_182' title='bbox 572 2859 681 2920; x_wconf 87' lang='lat' dir='ltr'>autem</span> <span class='ocrx_word' id='word_1_183' title='bbox 698 2854 890 2921; x_wconf 90' lang='lat' dir='ltr'>deliberatio</span> <span class='ocrx_word' id='word_1_184' title='bbox 907 2859 1030 2936; x_wconf 88' lang='lat' dir='ltr'>nostra,</span> <span class='ocrx_word' id='word_1_185' title='bbox 1047 2853 1074 2918; x_wconf 89' lang='lat' dir='ltr'>si</span> <span class='ocrx_word' id='word_1_186' title='bbox 1090 2855 1137 2920; x_wconf 87' lang='lat' dir='ltr'>ita</span> <span class='ocrx_word' id='word_1_187' title='bbox 1153 2876 1233 2938; x_wconf 87' lang='lat' dir='ltr'>opus</span> <span class='ocrx_word' id='word_1_188' title='bbox 1245 2856 1315 2935; x_wconf 84' lang='lat' dir='ltr'>erit,</span> <span class='ocrx_word' id='word_1_189' title='bbox 1328 2852 1503 2939; x_wconf 87' lang='lat' dir='ltr'>justificari</span> 
     </span>
     <span class='ocr_line' id='line_1_25' title="bbox 377 2961 1502 3046; baseline -0.004 -16"><span class='ocrx_word' id='word_1_190' title='bbox 377 2964 503 3044; x_wconf 90' lang='lat' dir='ltr'>debeat,</span> <span class='ocrx_word' id='word_1_191' title='bbox 528 2964 635 3029; x_wconf 85' lang='lat' dir='ltr'>verbis</span> <span class='ocrx_word' id='word_1_192' title='bbox 661 2969 694 3028; x_wconf 92' lang='lat' dir='ltr'>et</span> <span class='ocrx_word' id='word_1_193' title='bbox 720 2963 901 3028; x_wconf 90' lang='lat' dir='ltr'>rationibus</span> <span class='ocrx_word' id='word_1_194' title='bbox 923 2963 1124 3046; x_wconf 90' lang='lat' dir='ltr'>opportunis,</span> <span class='ocrx_word' id='word_1_195' title='bbox 1150 2968 1183 3028; x_wconf 94' lang='lat' dir='ltr'>et</span> <span class='ocrx_word' id='word_1_196' title='bbox 1199 2963 1348 3028; x_wconf 88' lang='lat' dir='ltr'>similiter</span> <span class='ocrx_word' id='word_1_197' title='bbox 1364 2963 1399 3026; x_wconf 94' lang='lat' dir='ltr'>in</span> <span class='ocrx_word' id='word_1_198' title='bbox 1414 2961 1502 3026; x_wconf 80' lang='lat' dir='ltr'>facto</span> 
     </span>
     <span class='ocr_line' id='line_1_26' title="bbox 374 3068 1504 3156; baseline -0.004 -20"><span class='ocrx_word' id='word_1_199' title='bbox 374 3072 403 3136; x_wconf 87' lang='lat' dir='ltr'>L</span> <span class='ocrx_word' id='word_1_200' title='bbox 419 3071 558 3137; x_wconf 89' lang='lat' dir='ltr'>millium</span> <span class='ocrx_word' id='word_1_201' title='bbox 574 3071 765 3137; x_wconf 91' lang='lat' dir='ltr'>ducatorum</span> <span class='ocrx_word' id='word_1_202' title='bbox 778 3070 975 3156; x_wconf 87' lang='lat' dir='ltr'>justificetur</span> <span class='ocrx_word' id='word_1_203' title='bbox 991 3076 1024 3135; x_wconf 93' lang='lat' dir='ltr'>et</span> <span class='ocrx_word' id='word_1_204' title='bbox 1040 3069 1231 3136; x_wconf 88' lang='lat' dir='ltr'>honestetur</span> <span class='ocrx_word' id='word_1_205' title='bbox 1244 3092 1297 3136; x_wconf 92' lang='lat' dir='ltr'>res</span> <span class='ocrx_word' id='word_1_206' title='bbox 1314 3071 1386 3153; x_wconf 80' lang='lat' dir='ltr'>ista,</span> <span class='ocrx_word' id='word_1_207' title='bbox 1407 3068 1504 3153; x_wconf 86' lang='lat' dir='ltr'>juxta</span> 
     </span>
     <span class='ocr_line' id='line_1_27' title="bbox 378 3178 1081 3270; baseline 0 -24"><span class='ocrx_word' id='word_1_208' title='bbox 378 3181 643 3248; x_wconf 90' lang='lat' dir='ltr'>deliberationem</span> <span class='ocrx_word' id='word_1_209' title='bbox 660 3181 780 3245; x_wconf 85' lang='lat' dir='ltr'>factam</span> <span class='ocrx_word' id='word_1_210' title='bbox 796 3181 909 3270; x_wconf 83' lang='lat' dir='ltr'>inistc</span> <span class='ocrx_word' id='word_1_211' title='bbox 927 3178 1081 3246; x_wconf 85' lang='lat' dir='ltr'>Oonsilio.</span> 
     </span>
    </p>

    <p class='ocr_par' dir='ltr' id='par_1_7' title="bbox 377 3284 1506 3590">
     <span class='ocr_line' id='line_1_28' title="bbox 486 3284 1505 3374; baseline -0.001 -21"><span class='ocrx_word' id='word_1_212' title='bbox 486 3287 582 3354; x_wconf 83' lang='lat' dir='ltr'>Circa</span> <span class='ocrx_word' id='word_1_213' title='bbox 599 3294 725 3372; x_wconf 90' lang='lat' dir='ltr'>partem</span> <span class='ocrx_word' id='word_1_214' title='bbox 742 3289 891 3374; x_wconf 88' lang='lat' dir='ltr'>salnitrij,</span> <span class='ocrx_word' id='word_1_215' title='bbox 908 3288 994 3374; x_wconf 90' lang='lat' dir='ltr'>quod</span> <span class='ocrx_word' id='word_1_216' title='bbox 1009 3294 1141 3372; x_wconf 91' lang='lat' dir='ltr'>petunt:</span> <span class='ocrx_word' id='word_1_217' title='bbox 1157 3288 1369 3372; x_wconf 88' lang='lat' dir='ltr'>intelligatur,</span> <span class='ocrx_word' id='word_1_218' title='bbox 1387 3284 1505 3371; x_wconf 89' lang='lat' dir='ltr'>siquid</span> 
     </span>
     <span class='ocr_line' id='line_1_29' title="bbox 377 3394 1505 3481; baseline -0.004 -18"><span class='ocrx_word' id='word_1_219' title='bbox 377 3399 424 3463; x_wconf 92' lang='lat' dir='ltr'>eis</span> <span class='ocrx_word' id='word_1_220' title='bbox 439 3398 633 3481; x_wconf 86' lang='lat' dir='ltr'>promissum</span> <span class='ocrx_word' id='word_1_221' title='bbox 649 3403 705 3477; x_wconf 88' lang='lat' dir='ltr'>est,</span> <span class='ocrx_word' id='word_1_222' title='bbox 730 3403 762 3462; x_wconf 88' lang='lat' dir='ltr'>et</span> <span class='ocrx_word' id='word_1_223' title='bbox 779 3399 806 3462; x_wconf 90' lang='lat' dir='ltr'>si</span> <span class='ocrx_word' id='word_1_224' title='bbox 822 3398 994 3480; x_wconf 87' lang='lat' dir='ltr'>promissio</span> <span class='ocrx_word' id='word_1_225' title='bbox 1010 3397 1099 3463; x_wconf 87' lang='lat' dir='ltr'>facta</span> <span class='ocrx_word' id='word_1_226' title='bbox 1116 3398 1294 3481; x_wconf 86' lang='lat' dir='ltr'>adimpleta</span> <span class='ocrx_word' id='word_1_227' title='bbox 1310 3402 1369 3480; x_wconf 89' lang='lat' dir='ltr'>est,</span> <span class='ocrx_word' id='word_1_228' title='bbox 1385 3394 1505 3462; x_wconf 92' lang='lat' dir='ltr'>intelli-</span> 
     </span>
     <span class='ocr_line' id='line_1_30' title="bbox 377 3501 1506 3590; baseline -0.001 -19"><span class='ocrx_word' id='word_1_229' title='bbox 377 3511 474 3589; x_wconf 88' lang='lat' dir='ltr'>gatur</span> <span class='ocrx_word' id='word_1_230' title='bbox 491 3506 589 3570; x_wconf 90' lang='lat' dir='ltr'>etiam</span> <span class='ocrx_word' id='word_1_231' title='bbox 606 3506 773 3588; x_wconf 90' lang='lat' dir='ltr'>quantitas</span> <span class='ocrx_word' id='word_1_232' title='bbox 789 3506 932 3590; x_wconf 87' lang='lat' dir='ltr'>salnitrij</span> <span class='ocrx_word' id='word_1_233' title='bbox 950 3507 1118 3572; x_wconf 83' lang='lat' dir='ltr'>existentis</span> <span class='ocrx_word' id='word_1_234' title='bbox 1133 3507 1167 3570; x_wconf 94' lang='lat' dir='ltr'>in</span> <span class='ocrx_word' id='word_1_235' title='bbox 1184 3505 1362 3587; x_wconf 89' lang='lat' dir='ltr'>Arsenatu,</span> <span class='ocrx_word' id='word_1_236' title='bbox 1379 3510 1412 3569; x_wconf 93' lang='lat' dir='ltr'>et</span> <span class='ocrx_word' id='word_1_237' title='bbox 1429 3501 1506 3570; x_wconf 81' lang='lat' dir='ltr'>Gol-</span> 
     </span>
    </p>
   </div>
   <div class='ocr_carea' id='block_1_6' title="bbox 250 3613 1506 3699">
    <p class='ocr_par' dir='ltr' id='par_1_8' title="bbox 250 3613 1506 3699">
     <span class='ocr_line' id='line_1_31' title="bbox 250 3613 1506 3699; baseline 0.001 -21"><span class='ocrx_word' id='word_1_238' title='bbox 250 3633 256 3645; x_wconf 92' lang='grc'><em>·</em></span> <span class='ocrx_word' id='word_1_239' title='bbox 379 3614 498 3698; x_wconf 89' lang='lat' dir='ltr'>legium</span> <span class='ocrx_word' id='word_1_240' title='bbox 516 3616 686 3699; x_wconf 88' lang='lat' dir='ltr'>providere</span> <span class='ocrx_word' id='word_1_241' title='bbox 704 3615 822 3682; x_wconf 89' lang='lat' dir='ltr'>debeat</span> <span class='ocrx_word' id='word_1_242' title='bbox 839 3617 924 3681; x_wconf 88' lang='lat' dir='ltr'>circa</span> <span class='ocrx_word' id='word_1_243' title='bbox 940 3616 1009 3697; x_wconf 91' lang='lat' dir='ltr'>hoc,</span> <span class='ocrx_word' id='word_1_244' title='bbox 1027 3618 1106 3681; x_wconf 90' lang='lat' dir='ltr'>etin</span> <span class='ocrx_word' id='word_1_245' title='bbox 1124 3613 1353 3681; x_wconf 88' lang='lat' dir='ltr'>satisfaciendo</span> <span class='ocrx_word' id='word_1_246' title='bbox 1369 3615 1506 3697; x_wconf 89' lang='lat' dir='ltr'>promis-</span> 
     </span>
    </p>
   </div>
   <div class='ocr_carea' id='block_1_7' title="bbox 380 3723 965 3916">
    <p class='ocr_par' dir='ltr' id='par_1_9' title="bbox 380 3723 965 3916">
     <span class='ocr_line' id='line_1_32' title="bbox 380 3723 936 3804; baseline 0.007 -18"><span class='ocrx_word' id='word_1_247' title='bbox 380 3723 462 3787; x_wconf 93' lang='lat' dir='ltr'>sioni</span> <span class='ocrx_word' id='word_1_248' title='bbox 480 3723 573 3804; x_wconf 84' lang='lat' dir='ltr'>facte,</span> <span class='ocrx_word' id='word_1_249' title='bbox 590 3725 674 3789; x_wconf 89' lang='lat' dir='ltr'>siout</span> <span class='ocrx_word' id='word_1_250' title='bbox 689 3724 751 3789; x_wconf 93' lang='lat' dir='ltr'>sibi</span> <span class='ocrx_word' id='word_1_251' title='bbox 768 3724 936 3790; x_wconf 89' lang='lat' dir='ltr'>videbitur.</span> 
     </span>
     <span class='ocr_line' id='line_1_33' title="bbox 488 3829 965 3916; baseline 0 -18"><span class='ocrx_word' id='word_1_252' title='bbox 488 3829 529 3916; x_wconf 76' lang='lat' dir='ltr'>-l-</span> <span class='ocrx_word' id='word_1_253' title='bbox 579 3835 642 3898; x_wconf 83' lang='grc'>129</span> <span class='ocrx_word' id='word_1_254' title='bbox 689 3867 733 3878; x_wconf 91' lang='grc'>-</span> <span class='ocrx_word' id='word_1_255' title='bbox 782 3836 798 3895; x_wconf 94' lang='grc'><strong>1</strong></span> <span class='ocrx_word' id='word_1_256' title='bbox 847 3867 888 3880; x_wconf 88' lang='lat'>-·</span> <span class='ocrx_word' id='word_1_257' title='bbox 939 3839 965 3898; x_wconf 87' lang='lat' dir='ltr'>l.</span> 
     </span>
    </p>
   </div>
   <div class='ocr_carea' id='block_1_8' title="bbox 486 3994 937 4060">
    <p class='ocr_par' dir='ltr' id='par_1_10' title="bbox 486 3994 937 4060">
     <span class='ocr_line' id='line_1_34' title="bbox 486 3994 937 4060; baseline 0 -16"><span class='ocrx_word' id='word_1_258' title='bbox 486 3995 521 4056; x_wconf 88' lang='lat' dir='ltr'>(V</span> <span class='ocrx_word' id='word_1_259' title='bbox 524 3994 645 4045; x_wconf 88' lang='lat' dir='ltr'>elenczei</span> <span class='ocrx_word' id='word_1_260' title='bbox 659 3995 839 4060; x_wconf 75' lang='lat' dir='ltr'>allamlrdnyv</span> <span class='ocrx_word' id='word_1_261' title='bbox 853 3997 894 4046; x_wconf 83' lang='lat'>98.</span> <span class='ocrx_word' id='word_1_262' title='bbox 907 3995 937 4056; x_wconf 85' lang='lat' dir='ltr'>l.)</span> 
     </span>
    </p>
   </div>
   <div class='ocr_carea' id='block_1_9' title="bbox 859 4279 1019 4289">
    <p class='ocr_par' dir='ltr' id='par_1_11' title="bbox 859 4279 1019 4289">
     <span class='ocr_line' id='line_1_35' title="bbox 859 4279 1019 4289; baseline -0.006 0"><span class='ocrx_word' id='word_1_263' title='bbox 859 4279 1019 4289; x_wconf 59' lang='lat' dir='ltr'>.—--..—-a..</span> 
     </span>
    </p>
   </div>
   <div class='ocr_carea' id='block_1_10' title="bbox 0 0 1675 5300">
    <p class='ocr_par' dir='ltr' id='par_1_12' title="bbox 0 0 1675 5300">
     <span class='ocr_line' id='line_1_36' title="bbox 0 0 1675 5300; baseline 0 0"><span class='ocrx_word' id='word_1_264' title='bbox 0 0 1675 5300; x_wconf 95' lang='lat' dir='ltr'> </span> 
     </span>
    </p>
   </div>
  </div>
 </body>
</html>
