3314 5300
760 485 995 528 omnemnezmr
1012 470 1179 527 armilausa.

939 807 1014 866 200.

409 970 502 1030 lasa.
519 971 549 1030 A
567 968 717 1031 ueleuczet'
732 967 950 1031 rillumtuuics
968 967 1075 1028 recurri
1091 967 1210 1029 kouetet
1226 990 1247 1028 a
1265 989 1405 1053 cloppos·
1423 967 1527 1030 leia-rili

406 1075 588 1138 kiiueteinelc
613 1075 850 1154 livonutm'ro'l,
866 1074 1177 1160 fopudtutrtsulcrol,
1204 1076 1307 1138 Roma
1316 1074 1389 1160 fclc'
1405 1075 1540 1139 irtdulci-

530 1182 643 1246 sulero'l
660 1185 692 1246 c'a
708 1194 798 1246 otton
814 1183 923 1246 teeudir'
930 1182 1089 1268 fopudtut
1102 1182 1225 1246 isukruil
1241 1182 1413 1265 tadositju.

407 1377 678 1446 urccccnxv.
694 1379 746 1444 ae
763 1377 903 1444 xxvi.
919 1377 1054 1462 Apsus.

517 1485 578 1552 Ser
594 1486 731 1552 Nicolao
750 1488 790 1552 de
807 1486 924 1553 Canali
940 1488 1089 1570 Ductori,
1106 1486 1241 1553 Oratori
1258 1493 1370 1553 nostro
1387 1488 1430 1552 ad
1447 1487 1543 1555 Sum-

409 1618 496 1660 mum
514 1595 714 1660 Pontificem.

409 1705 582 1788 Sapientes
600 1703 735 1787 0⁰¹¹Sffil
754 1710 786 1768 el
842 1773 849 1788 .
867 1769 873 1784 .
890 1771 896 1786 .
913 1722 996 1788 Post
1012 1744 1123 1787 verum
1139 1745 1158 1788 a
1176 1721 1269 1788 nobis
1284 1743 1458 1803 recessum,
1476 1722 1546 1804 sig?

489 1837 503 1870 ’³
574 1811 780 1910 *Q*
841 1829 1009 1894 nifioamus
1025 1828 1115 1894 vobis
1131 1831 1324 1913 applicuisse
1339 1829 1402 1894 huc
1419 1830 1460 1894 R.
1479 1832 1544 1896 Pa·
1644 1905 1647 1912 ¹

409 1946 493 2002 trem
518 1936 695 2002 Dominum
719 1938 916 2022 Episcopum
933 1937 1324 2022 Quinque-Ecclesiarum
1340 1945 1372 2004 et
1388 1938 1544 2022 Magnifi-
1646 1979 1647 1982 =

410 2069 483 2110 cum
498 2045 676 2110 Dominum
691 2047 717 2112 J
718 2067 856 2112 oannem
882 2045 921 2110 de
938 2045 1086 2128 Rozgon,
1110 2046 1255 2128 insignes
1272 2043 1431 2112 Oratores
1449 2045 1545 2111 Sere-

410 2154 535 2220 nissimi
551 2153 653 2235 Regis
669 2154 851 2235 Hungarie‚
877 2158 914 2216 ut
939 2151 981 2216 ad
997 2152 1165 2218 Summum
1182 2151 1376 2221 Pontificem
1394 2154 1551 2236 proficis·
1644 2197 1647 2230 q

412 2267 537 2340 cantur,
561 2259 756 2344 fueruntque
781 2261 844 2343 ipsi
869 2261 913 2325 ad
939 2262 1135 2344 presentiam
1151 2265 1308 2340 nostram,
1334 2260 1545 2326 declarantes

411 2371 505 2436 nobis
533 2391 663 2435 causam
682 2393 793 2436 eorum
810 2370 968 2436 adventus
986 2373 1019 2434 iu
1036 2370 1180 2453 Italiam,
1209 2377 1242 2434 et
1259 2371 1301 2435 ad
1317 2370 1412 2436 Rom.
1429 2365 1548 2437 Ponti·
1646 2387 1647 2390 ’

411 2482 511 2561 licem,
529 2502 592 2562 que
609 2479 833 2580 principaliter
850 2485 908 2560 est,
925 2484 962 2543 ut
977 2479 1046 2562 ipsa
1065 2480 1173 2561 Regia
1184 2475 1349 2545 Serenitas
1366 2479 1546 2563 intelligat,
1644 2543 1647 2572 ³

412 2590 529 2672 quibus
554 2586 722 2652 favoribus
740 2592 773 2650 et
788 2586 940 2670 presidijs
957 2587 998 2651 ab
1015 2588 1085 2670 ipso
1104 2585 1236 2652 Summo
1253 2585 1424 2667 Pontifice,
1452 2595 1487 2653 ct
1504 2588 1548 2653 ab

413 2696 470 2778 alij
514 2693 612 2759 Italic
646 2693 870 2776 potentatibus
904 2693 1060 2760 adversus
1086 2693 1228 2760 Turcum
1253 2693 1413 2778 perfidum
1438 2697 1548 2760 crucis
1644 2679 1646 2722 ⁹

412 2805 539 2868 hostem
571 2802 799 2884 prosequenda
824 2803 875 2866 sit.
915 2803 984 2866 Nos
1016 2808 1125 2866 autem
1156 2809 1232 2885 post
1262 2803 1428 2886 generalia
1464 2804 1548 2886 ipsis
1627 2823 1645 2902 ¹ff

413 2913 563 2977 Dominis
580 2908 774 2975 Oratoribus
801 2930 991 2993 responsum
1008 2908 1164 2994 dedimus,
1189 2911 1273 2976 sicut
1288 2928 1345 2994 per
1362 2911 1549 2995 exemplum

413 3023 463 3087 his
488 3023 681 3105 implicitum
708 3023 860 3086 seriosius
886 3021 994 3086 videre
1020 3022 1180 3105 poteritis,
1206 3023 1345 3105 licetque
1371 3023 1461 3106 apud
1487 3045 1548 3088 nos
1641 2997 1643 3082 l

413 3133 586 3196 maximam
611 3131 802 3194 instantiam
827 3127 973 3209 iecerint,
998 3129 1125 3194 volendi
1150 3129 1331 3213 intelligere
1355 3152 1375 3194 a
1400 3130 1498 3196 nobis
1515 3131 1549 3194 in
1641 3121 1642 3178 3

414 3240 608 3322 particulari
634 3259 702 3302 rem
728 3238 835 3318 istam,
861 3245 1052 3302 nontamen
1069 3239 1172 3304 visum
1188 3245 1238 3304 est
1254 3238 1348 3303 nobis
1364 3237 1480 3303 habita
1497 3260 1550 3304 ra
1639 3231 1641 3258 ³

415 3349 513 3426 tione,
531 3346 573 3410 ad
589 3345 743 3409 honorem
761 3352 792 3410 et
809 3345 1002 3429 dignitatem
1013 3346 1108 3410 Rom.
1120 3345 1295 3425 Pontificis,
1313 3347 1369 3429 qui
1386 3368 1550 3412 summum

415 3460 513 3539 caput
537 3460 569 3518 et
586 3453 745 3536 Princeps
770 3461 820 3518 est
837 3453 1096 3534 christianorum,
1123 3459 1156 3518 et
1172 3453 1224 3518 cui
1240 3453 1466 3538 principaliter
1481 3457 1551 3521 ista
1635 3435 1639 3520 l

415 3562 616 3640 incumbunt,
640 3561 871 3644 particularius
899 3564 944 3626 eis
970 3563 1146 3644 declarare,
1172 3581 1361 3644 quecunque
1387 3560 1550 3628 hactenus
1633 3641 1637 3656 Ι

415 3692 473 3753 per
490 3692 622 3753 operam
633 3669 697 3736 Sue
708 3669 932 3734 Beatitudinis
948 3671 981 3734 in
997 3669 1060 3732 hac
1074 3669 1213 3733 materia
1228 3674 1321 3752 gesta
1337 3674 1421 3748 sunt,
1437 3671 1551 3735 remit·
1635 3657 1637 3686 ⁴

416 3786 520 3844 tentes
538 3781 646 3844 omnia
661 3778 703 3844 ad
720 3777 938 3844 Sanctitatem
955 3778 1063 3857 Suam,
1079 3781 1178 3860 prout
1194 3777 1310 3842 decens
1327 3783 1384 3856 est
1402 3798 1466 3860 que
1481 3799 1550 3844 res·
1632 3757 1636 3796 ³

415 3887 560 3971 pondere
587 3887 717 3969 poterit,
743 3891 775 3948 et
801 3885 950 3968 expedire
975 3885 1104 3950 eosdem
1121 3881 1288 3967 Oratores,
1314 3883 1398 3949 siout
1413 3907 1474 3968 pro
1492 3887 1551 3950 im·

415 4017 528 4062 mensa
544 3995 704 4078 sapientia
721 4014 788 4073 sua,
813 4014 938 4076 proque
956 3992 1194 4059 conditionibus
1210 3993 1308 4076 hujus
1324 3993 1492 4076 temporie,
1520 4000 1552 4058 et

416 4102 567 4188 periculis
583 4103 694 4182 hostis,
711 4102 827 4166 melius
845 4107 877 4164 et
893 4101 1004 4165 utilius
1012 4101 1184 4185 judicabit.
1201 4101 1251 4165 De
1262 4099 1379 4184 quibus
1390 4101 1551 4180 omnibus,

417 4214 501 4276 sicut
512 4211 554 4280 ad
564 4210 705 4276 officium
716 4214 863 4274 nostrum
874 4209 1025 4291 pertinet,
1042 4210 1199 4293 volumus,
1210 4209 1296 4292 quod
1307 4210 1551 4292 quamprimum
1613 4283 1617 4294 .

417 4320 501 4384 detis
526 4320 682 4384 noticiam
709 4315 841 4382 Summo
868 4316 1031 4402 Pontifici,
1056 4324 1093 4382 ut
1119 4317 1158 4382 de
1185 4316 1343 4397 omnibus,
1369 4318 1455 4383 siout
1481 4339 1551 4399 nos,

394 4429 537 4493 certior
561 4427 627 4492 fiat.
661 4427 744 4493 Sunt
769 4428 802 4490 iu
827 4427 943 4492 itinere
960 4424 1119 4492 Oratores
1145 4427 1218 4509 ipsi,
1243 4431 1458 4508 tenemusque
1474 4432 1550 4510 post

417 4538 534 4601 harum
560 4536 811 4618 susceptionem·
828 4535 893 4601 cito
910 4557 964 4601 eos
980 4534 1119 4601 Romam
1134 4534 1358 4619 applicaturos
1374 4555 1454 4616 esse,
1481 4535 1551 4618 qui-

419 4645 479 4709 bus
495 4642 663 4722 voluimus,
680 4642 767 4726 quod
784 4642 911 4708 obviam
929 4641 1099 4723 accedatis,
1116 4641 1308 4708 honorando
1325 4662 1390 4724 eos,
1407 4646 1441 4708 et
1457 4642 1550 4709 offer·
