3256 5304
649 350 744 440 1411.
1196 349 1258 437 ‘aar

125 561 185 631 per
213 549 461 619 serenissimum
491 556 667 620 Dominum
692 555 814 619 Ducem
848 555 924 617 huic
955 553 1088 617 consilio
1120 551 1258 617 relatum

126 663 185 738 est,
202 661 454 756 respondeatur:

235 765 334 850 Quod
361 769 501 834 libenter
527 770 754 852 intelleximus,
775 776 932 852 quantum
956 771 1025 853 ipse
1051 768 1259 851 supradictus

128 873 254 940 Orator
270 877 364 942 nobis
381 877 560 960 prudenter
574 880 735 963 exposuit,
767 886 880 961 estque
897 884 1021 944 certum
1047 883 1081 940 et
1096 875 1258 941 indubita-

125 985 204 1061 tum,
223 984 311 1063 quod
327 990 364 1048 ut
380 986 448 1066 ipse
466 987 557 1066 dixit,
573 988 716 1052 maxime
733 1008 861 1069 semper
876 985 940 1050 fuit
956 985 1105 1064 amicitia,
1122 984 1257 1049 1111111-

126 1073 270 1156 volentia
285 1092 370 1158 inter
387 1093 650 1161 Illustrissimum
666 1093 844 1160 Dominum
861 1093 999 1158 Austrie
1016 1099 1050 1157 et
1066 1113 1133 1176 nos,
1153 1093 1256 1157 utrin-

126 1217 190 1279 que
215 1200 327 1264 multis
351 1202 508 1285 preclaris
540 1202 708 1268 effectibus
734 1203 966 1280 demonstrata,
991 1222 1090 1284 quam
1115 1199 1260 1283 profecto

126 1306 247 1370 nedum
272 1329 474 1391 conservare,
489 1309 544 1374 sed
561 1311 685 1393 siquid
702 1311 801 1374 etiam
818 1307 990 1393 superaddi
1011 1309 1124 1392 possit,
1139 1327 1259 1390 augere

127 1434 251 1497 semper
275 1416 480 1498 intendimus,
504 1418 709 1501 maximeque
735 1439 808 1482 cum
835 1417 1055 1500 Imperatoria
1073 1416 1261 1500 Majestate‚

127 1541 226 1604 quam
243 1525 359 1588 merito
375 1547 567 1590 veneramur
584 1532 616 1591 et
632 1526 777 1608 colimus,
794 1526 845 1590 cui
861 1527 961 1590 etiam
978 1525 1105 1607 agimus
1125 1543 1262 1606 magnas

127 1631 254 1712 gratias
271 1651 330 1714 pro
342 1634 597 1720 comunicatione
615 1633 708 1697 nobis
724 1632 812 1698 facta
828 1632 992 1698 concordii
1003 1633 1077 1697 initi
1093 1654 1164 1697 oum
1181 1653 1259 1716 rege

126 1737 308 1821 Hungarie,
324 1747 358 1805 et
382 1762 500 1806 corone
520 1742 585 1806 sibi
611 1740 764 1806 exhibite.
790 1740 861 1806 Nee
886 1761 1056 1824 possumus
1083 1740 1258 1806 0111111111

127 1845 342 1928 Majestatem
383 1848 491 1931 dignis
531 1848 688 1915 extollere
729 1848 897 1930 laudibuS,
929 1847 1017 1930 quod
1050 1847 1093 1912 ad
1126 1848 1160 1912 id
1193 1854 1261 1913 tam

127 1959 289 2038 prompt0,
313 1960 445 2038 tamque
462 1957 564 2022 libero
580 1958 688 2022 animo
705 1955 882 2038 devenerit,
907 1957 1087 2039 presertim,
1112 1962 1148 2020 ut
1164 1958 1260 2040 perfi-

128 2061 337 2128 dissimorum
349 2063 539 2146 Turoorum,
556 2065 660 2129 crucis
671 2064 825 2142 hostium,
841 2062 995 2146 periculis
1007 2064 1130 2129 occurri
1146 2065 1259 2148 possit.

127 2168 190 2234 Est
216 2171 300 2234 enim
325 2176 394 2236 tam
419 2177 575 2255 sanctum,
600 2177 669 2236 tam
694 2169 873 2253 gloriosum
897 2169 958 2235 hoc
983 2193 1039 2236 111
1067 2168 1259 2236 serenitatis

127 2279 340 2360 propositum,
365 2285 402 2343 ut
426 2280 509 2344 nihil
535 2301 634 2363 supra
659 2279 816 2363 explicari
842 2285 948 2362 queat.
975 2277 1092 2361 Neque
1117 2279 1261 2344 dubitari

128 2381 452 2470 debetMajestatem
470 2387 577 2467 Suam,
588 2388 639 2451 cui
655 2408 713 2470 pro
731 2406 858 2451 summa
869 2386 1040 2469 dignitate,
1057 2404 1156 2468 quam
1172 2392 1262 2451 tenet

129 2493 194 2558 ista
226 2492 314 2576 apud
341 2495 526 2560 Romanum
557 2489 777 2576 Pontificem,
796 2495 1021 2578 principaliter
1056 2494 1258 2574 incumbunt,

130 2601 247 2666 exinde
263 2608 464 2687 perpetuam,
480 2611 691 2686 eternamque
707 2603 838 2670 laudem
855 2607 1077 2670 assecuturum
1094 2619 1172 2682 esse,
1187 2623 1261 2668 nos-

131 2730 193 2792 que
220 2709 263 2774 ad
294 2709 328 2774 id
352 2731 413 2794 pro
437 2712 593 2795 precipua
624 2711 795 2777 affectione
828 2717 941 2776 nostra
972 2712 1007 2776 in
1040 2710 1261 2778 Serenitatem

131 2814 241 2900 Suam,
260 2826 418 2900 quantum
434 2841 614 2903 possumne,
630 2841 702 2884 eam
719 2819 897 2899 hortamur,
922 2839 1153 2902 rogamusque.
1173 2816 1261 2901 Quid

129 2943 204 2990 vero
221 2933 293 2992 tam
309 2930 400 3008 mari,
417 2948 516 3010 quam
532 2936 621 2994 terra
637 2929 810 2994 adversum
828 2929 914 2994 hunc
924 2946 1125 2993 communem
1136 2929 1262 2993 hostem

129 3033 162 3098 in
179 3036 336 3101 honorem
353 3035 476 3103 Summi
493 3034 661 3103 Oreatoris
687 3038 791 3102 nostri
817 3059 877 3120 pro
903 3038 1052 3120 portione
1077 3041 1190 3102 nostra
1215 3035 1262 3101 la·

130 3163 202 3206 cere
220 3143 440 3224 statuerimus,
457 3144 521 3228 ipsi
537 3142 592 3228 Sp.
613 3145 737 3210 oratori
761 3167 826 3208 non
852 3145 1054 3227 incognitum
1078 3163 1148 3207 esse
1173 3150 1261 3208 tene-

130 3271 209 3332 mus,
240 3251 504 3335 quandoquidem
521 3269 580 3317 nec
596 3252 816 3334 facultatibus
841 3271 900 3318 nec
925 3252 1086 3337 sanguini,
1112 3269 1171 3316 nec
1196 3253 1261 3316 vite

132 3359 263 3442 proprie
279 3377 415 3440 parcere
433 3359 676 3425 decreverimus.
1213 3365 1216 3371 '

242 3467 326 3532 Oum
352 3474 479 3551 partem
504 3473 693 3552 tangentem
720 3467 930 3552 Tergestinos
947 3469 1147 3553 profitemur,
1172 3488 1263 3533 num·

131 3595 229 3659 quam
245 3598 305 3642 nos
336 3577 503 3642 reeordari
528 3577 726 3660 arrogantie,
750 3577 1119 3662 honestissimorumque
1135 3597 1262 3644 morum

131 3705 273 3766 suorum,
293 3684 381 3767 quod
397 3685 512 3749 merito
538 3687 731 3750 commoveri
756 3705 821 3750 non
845 3687 1062 3769 impellamur,
1087 3693 1262 3770 postquam

130 3793 215 3856 enim
233 3798 342 3873 preter
359 3809 487 3856 omnem
504 3793 682 3874 equitatem
708 3793 872 3875 violenter,
888 3797 921 3858 et
946 3794 986 3859 de
1012 3793 1101 3858 facto
1128 3796 1162 3857 in
1188 3815 1263 3858 con·

130 3900 300 3964 tumeliam
314 3905 471 3981 nostram,
484 3900 711 3984 jacturamque
736 3902 961 3982 gravissimam
979 3900 1182 3966 subditorum
1207 3921 1264 3964 no·

122 4014 284 4089 snorum,
300 4007 469 4090 fregerunt
486 4015 747 4092 occuparuntque
763 4015 886 4073 stratas
897 4008 1085 4073 victualium
1101 4013 1135 4072 et
1143 4025 1264 4087 rerum,

132 4137 193 4198 que
210 4117 361 4182 continue
378 4136 437 4200 per
453 4117 621 4200 superiora
640 4122 789 4200 tempora
805 4117 830 4182 J
831 4112 1041 4200 ustinopolim
1068 4122 1101 4180 et
1126 4113 1168 4179 ad
1193 4114 1260 4178 1111

132 4224 205 4289 1111
221 4231 335 4289 nostra
367 4225 502 4290 conduci
528 4221 684 4305 solebant,
709 4244 884 4308 numquam
910 4229 1076 4290 cessarunt
1100 4219 1207 4286 verbis
1230 4225 1263 4285 et

133 4330 227 4397 iactis
252 4331 532 4414 impudentissime
557 4353 655 4414 agere
672 4337 785 4397 contra
801 4355 869 4399 1111.
893 4329 1098 4416 Quesivimus
1114 4350 1190 4412 sepe
1206 4347 1264 4412 per

133 4440 217 4504 viam
245 4441 366 4522 quietis
392 4434 590 4505 differentias
615 4439 690 4504 illas
715 4439 837 4520 tollere,
864 4440 922 4504 sed
947 4445 1071 4522 quanto
1097 4438 1264 4502 honestius

135 4567 206 4612 curn
233 4549 280 4611 eis
297 4568 394 4628 agere
411 4547 600 4629 studuimus
624 4553 719 4612 tanto
737 4567 864 4630 semper
880 4548 1073 4612 insolentius
1088 4551 1122 4610 et
1137 4551 1265 4629 proter·

1105 4672 1153 4722 15*
