3256 5304
380 369 445 431 242
734 383 968 432 urrunnuczmr
987 360 1153 430 uncinus.

380 543 544 622 iaciemus,
560 550 594 608 ut
612 543 651 606 do
669 545 826 625 omnibus,
843 546 924 608 sicut
942 543 1035 608 docet
1056 543 1259 607 affectionem
1276 546 1308 602 et
1325 534 1515 603 benivolen-

380 651 457 714 tiam
476 658 631 731 nostram,
649 653 814 717 Serenitas
833 653 899 718 Sua
914 653 1091 716 informata
1107 651 1158 714 sit.

487 758 643 822 Preterea
661 782 716 822 vos
734 759 919 823 advisamus
936 758 1072 822 diversis
1090 756 1194 820 modis
1211 757 1305 821 nobis
1323 755 1517 819 nuntiatum

380 886 468 928 essee
485 866 643 948 Magnum
662 866 881 932 Garamanum
902 873 936 931 et
960 866 1107 930 Usonum
1133 862 1326 943 Cassanum,
1351 863 1408 944 qui
1434 867 1520 926 sunt

381 977 532 1053 potentes
559 973 680 1038 domini
706 975 911 1057 inpartibus
937 971 1028 1055 Asie,
1060 971 1178 1038 bellum
1212 992 1325 1053 gerere
1357 971 1518 1034 statuisse

380 1087 497 1146 contra
513 1087 635 1146 statum
651 1081 749 1147 'Purci
765 1084 798 1147 in
814 1082 963 1166 partibus
980 1083 1054 1146 illis.

489 1187 673 1274 Scripsistis
689 1190 783 1257 nobis
805 1191 1030 1256 Cancellarios
1055 1189 1159 1270 Regie
1185 1183 1375 1270 Majestatis
1401 1190 1517 1268 petere

382 1297 428 1360 eis
461 1298 541 1362 solvi
567 1305 598 1361 et
625 1298 776 1363 satisfieri
801 1321 860 1381 pro
890 1298 1040 1381 capitulis
1066 1303 1100 1361 et
1125 1300 1295 1362 contractu
1320 1294 1394 1377 lige,
1421 1293 1518 1357 circa

383 1425 481 1486 quam
498 1426 565 1468 rem
586 1407 829 1487 respondentes,
847 1407 993 1487 dicimus
1017 1405 1104 1488 quod
1121 1402 1262 1469 contenti
1279 1425 1396 1480 sumus,
1423 1399 1518 1482 quod

382 1511 582 1593 provideatis
599 1513 653 1592 eis,
670 1513 753 1578 sicut
768 1514 882 1578 melius
900 1521 933 1579 et
948 1514 1117 1579 honestius
1138 1512 1243 1576 facere
1269 1530 1366 1593 posse
1390 1507 1518 1572 videbi-

381 1619 433 1699 tis,
448 1641 551 1701 usque
568 1620 610 1684 ad
627 1642 784 1687 summam
800 1625 994 1689 ducatorum
1016 1620 1257 1703 quinquaginta
1272 1620 1303 1682 in
1331 1616 1518 1698 sexaginta.

488 1728 649 1810 Departc
714 1767 752 1776 -
801 1769 843 1777 —-
894 1737 965 1794 163.

489 1833 540 1900 De
559 1855 623 1899 non
719 1875 754 1886 -
805 1875 846 1884 —-
940 1845 967 1902 3.

490 1940 757 2007 Nonsinceri—
806 1982 848 1989 —
942 1950 969 2008 1.

492 2045 793 2116 Commemoramus
811 2053 909 2116 etiam
935 2050 1036 2132 nobie,
1062 2049 1149 2134 quod
1177 2048 1418 2114 Cancellarium
1443 2070 1518 2112 ves-

382 2163 467 2220 trum
485 2155 743 2222 commendatum
761 2158 922 2240 habeatis,
939 2159 1048 2223 dando
1073 2159 1244 2222 honestam
1262 2178 1404 2240 operam,
1422 2155 1520 2237 quod

384 2263 445 2326 sibi
461 2265 559 2327 etiam
576 2286 635 2346 pro
653 2271 747 2347 parte
762 2264 867 2349 Regis
885 2267 1073 2350 Majestatis
1090 2266 1241 2330 decenter
1257 2263 1404 2328 satisfiat.

391 2426 394 2432 '
491 2427 646 2488 (Velenczei
662 2428 839 2492 allamkonyv
855 2434 912 2478 192.
926 2431 955 2490 l.)

868 2633 1025 2647 u-—a-——-·-·‘

384 3035 478 3098 1463.
506 3033 536 3098 A
554 3031 709 3099 oeleuczei
725 3033 944 3098 dllumtaudcs
960 3038 1153 3100 liutdruzotu
1171 3061 1191 3100 α
1210 3035 1357 3102 urodrusi
1369 3037 1523 3124 piispo‘lc·

383 3142 443 3203 uelo
470 3139 603 3226 Ma‘tpds
629 3143 744 3227 kiruty
769 3143 937 3205 kouetduek
963 3167 984 3205 a
1010 3143 1137 3208 kolcsdu
1162 3146 1232 3208 kc‘rt
1252 3147 1349 3231 peuzt
1374 3147 1521 3231 illetr'ilep

644 3251 778 3314 edendo
794 3251 916 3336 tuyado'
930 3251 1040 3314 odiosa
1060 3254 1251 3337 tdrpydbnu.

383 3440 676 3512 MCOCOLXIH.
694 3449 746 3512 die
763 3447 870 3512 XIII.
888 3445 1050 3514 Octobris.

492 3551 587 3636 Quod
604 3555 795 3621 Reverendo
812 3556 917 3637 Patri,
934 3555 1078 3622 Domino
1094 3559 1259 3643 Episcopo
1276 3560 1462 3626 Modrnssie
1483 3566 1521 3624 et

386 3659 556 3742 Corbavie,
575 3664 711 3730 Oratori
728 3663 935 3731 Seronissimi
951 3666 1054 3748 Regis
1071 3667 1253 3751 Hungarie,
1271 3669 1326 3753 qui
1342 3689 1447 3752 nuper
1472 3668 1520 3731 acl

384 3771 582 3849 presentiam
598 3779 744 3837 nostram
762 3794 796 3837 se
812 3773 958 3854 contulit,
985 3778 1266 3842 commemorando
1293 3799 1444 3862 magnam
1461 3775 1521 3838 be·

382 3875 591 3940 nivolentiam
608 3887 639 3941 et
657 3877 861 3942 affectionem
880 3877 945 3944 Sue
962 3881 1151 3964 Majcstatis
1169 3905 1248 3966 erga
1267 3905 1326 3949 nos
1352 3905 1391 3948 ac
1416 3905 1519 3966 quam

382 3989 533 4065 prompto
550 3990 583 4047 et
599 3983 685 4049 bono
702 3987 809 4050 animo
821 3985 988 4051 devenerit
1004 3989 1172 4054 nobiscum
1188 3993 1232 4056 ad
1248 3991 1517 4072 intelligentiam,

384 4073 416 4154 ct
431 4091 542 4173 ligam,
559 4095 738 4158 successive
755 4093 845 4176 dixit,
863 4095 947 4177 quod
966 4118 1004 4160 ex
1026 4099 1277 4181 conditionibus,
1292 4101 1326 4164 in
1343 4101 1462 4183 quibus
1479 4121 1518 4164 sc

382 4199 561 4280 reperierit,
578 4201 665 4264 idem
684 4203 749 4265 liex
765 4223 845 4284 opus
862 4201 961 4267 habet
976 4209 1196 4290 pecuniarum,
1216 4214 1253 4272 ut
1269 4209 1385 4272 melius
1397 4213 1520 4277 contra

382 4328 583 4372 communem
600 4309 725 4374 hostem
743 4309 863 4374 bellum
880 4333 992 4394 gerere
1009 4316 1122 4396 possit,
1147 4316 1282 4398 loquens
1298 4323 1409 4381 tamen
1426 4317 1521 4382 circa

382 4414 443 4478 hoc
460 4415 596 4479 multum
613 4418 758 4480 modeste
774 4424 835 4481 etc.
849 4419 983 4485 -sicut
999 4443 1057 4503 per
1074 4420 1322 4489 Serenissimum
1336 4424 1519 4490 Dominum

382 4519 507 4586 Ducem
524 4524 598 4586 huic
615 4523 759 4589 Consilio
777 4525 915 4590 rolatum
932 4534 988 4610 est,
1006 4533 1221 4612 respondeat:
