3268 5308
682 328 775 393 1462.
1231 333 1291 395 167

103 487 111 494 “
159 503 231 569 ficis
258 502 301 568 od
325 501 410 568 hauc
426 504 538 573 urbem
554 510 709 586 nostram,
735 507 817 571 sicut
832 527 890 590 per
907 507 1014 590 ipsum
1029 505 1208 574 Dominum
1224 509 1294 574 Du-

160 635 234 677 cem
247 611 324 678 ¹huic
340 610 485 676 Consilio
501 612 643 678 relatum
658 619 716 696 est,
741 619 917 698 propterea
934 613 1023 678 vadit
1040 636 1136 697 pars:

273 719 368 805 Quod
410 715 641 785 Serenissimus
683 721 725 786 D.
766 721 842 786 Dux
888 721 1085 805 respondeat
1124 723 1293 788 Joanni

159 827 253 894 Ben
264 851 284 893 a
295 849 309 892 s
321 850 336 892 s
347 849 366 891 a
376 829 395 907 i,
412 827 439 892 si
455 827 561 892 veniet
576 827 736 911 petiturus
747 849 947 912 responsum,
964 829 1084 911 optime
1094 827 1295 894 intellexisse

160 959 209 1018 ee,
236 956 298 1018 que
315 957 354 1000 cx
370 956 403 999 se
421 935 586 1018 cogitavit,
612 941 644 1000 et
659 944 773 1020 postea
790 958 899 1002 secum
923 937 1179 1017 communicavit,
1206 936 1290 1002 unde

159 1043 301 1110 multum
316 1043 504 1109 comendari
520 1051 681 1125 meretur;
706 1052 738 1110 et
760 1045 896 1110 dicimus
924 1044 985 1109 sibi
1010 1066 1078 1108 rem
1103 1045 1186 1108 hanc
1212 1045 1292 1110 mul-

159 1151 205 1218 tis
221 1153 262 1218 de
278 1154 384 1218 causis
400 1155 511 1237 magni
527 1154 680 1237 ponderis
698 1160 731 1219 et
750 1154 904 1219 momenti
931 1175 1010 1233 esse,
1035 1155 1188 1236 precipue
1205 1154 1292 1235 quod

159 1259 315 1326 Summus
330 1259 481 1328 Pontifex
498 1260 646 1326 dominus
662 1266 754 1326 tonte
771 1260 943 1344 dignitatis
959 1267 993 1325 01
1018 1261 1228 1324 auctoritatis
1256 1282 1288 1324 se

160 1375 314 1450 moveret,
339 1368 400 1433 nisi
415 1368 505 1451 prius
521 1389 574 1434 res
594 1369 706 1433 melius
724 1369 947 1452 disponantur,
973 1389 1035 1451 que
1060 1367 1202 1450 graviori
1217 1389 1290 1433 oon-

161 1477 237 1543 silio
255 1498 336 1560 opus
350 1475 482 1542 hebent.

273 1581 316 1665 ΔΓ
364 1587 404 1646 01
455 1624 491 1632 -
544 1588 562 1646 3
612 1626 648 1634 -
702 1589 729 1648 1.

162 1690 237 1756 Ser.
253 1691 410 1758 Nicoluus
427 1691 467 1756 (10
484 1689 602 1756 Ounali
617 1689 659 1757 D.
801 1705 898 1790 Qlffid
933 1707 1140 1776 considerata
1174 1707 1293 1790 impos.

161 1888 272 1903 „m
326 1795 461 1880 Sapiens
478 1803 501 1862 i·
517 1797 538 1861 f·
676 1889 699 1894 ‚q
754 1813 863 1880 tantia
888 1814 981 1878 istius
1013 1817 1157 1894 materie,
1183 1821 1215 1879 et
1247 1820 1294 1879 at-

158 1928 264 2004 tento,
291 1921 376 2006 quod
392 1922 444 1988 die
462 1923 604 1988 crastina
624 1927 777 1988 venturus
795 1925 843 1986 est
860 1920 903 1986 ad
928 1923 1126 2003 presentiam
1146 1917 1291 2003 Dominij

160 2053 245 2097 unus
278 2031 401 2098 Orator
426 2029 551 2096 Summi
576 2029 766 2096 Pontificio:
801 2027 973 2094 differatur
1004 2027 1046 2094 ad
1077 2051 1176 2094 uuum
1202 2029 1292 2093 eliud

163 2136 355 2204 Consilium.
371 2175 414 2186 -
431 2135 482 2201 Dc
498 2143 589 2220 parte
608 2142 658 2206 77.

274 2300 431 2360 (verenensi
444 2300 529 2350 ellam
541 2299 617 2359 1111.)

650 2496 808 2508 ——--<

167 2893 264 2956 1462.
289 2891 391 2956 Batti
406 2892 568 2957 Demoleos
585 2891 736 2975 jelente'oe
753 2914 774 2954 a
795 2889 947 2953 celenczei
970 2889 1244 2952 cllamraoccstoz
1270 2912 1292 2951 a

289 2998 444 3063 ttriiknek
460 2996 595 3084 Drapul
611 2997 686 3062 oluit
704 2998 804 3082 oajda
822 2996 918 3061 ottoni
934 2995 1175 3079 tadjctrutdrol.

273 3190 330 3256 Da
355 3189 638 3276 Constantinopoli
664 3193 718 3258 odi
745 3189 1154 3278 XXVH1.Jutij.1roe.
1180 3187 1295 3256 Domi-

164 3303 255 3366 nicus
272 3298 383 3381 Balbi,
399 3297 537 3383 Bajulus
555 3299 610 3365 ale
627 3299 778 3385 Signoria
797 3299 831 3363 di
847 3297 998 3367 Venetia.

269 3405 497 3472 Illustrissime
513 3405 672 3491 Princeps
689 3413 748 3471 etc.
766 3405 869 3471 Arisc
886 3405 920 3471 le
940 3405 1063 3475 Vostra
1087 3405 1294 3471 Excellentio

165 3515 326 3598 Signoric,
346 3535 435 3579 come
451 3513 486 3578 lc
510 3535 590 3580 nave
616 3522 766 3582 retenuto
790 3513 833 3577 da
858 3513 890 3577 di
917 3518 968 3578 27.
993 3512 1108 3578 Marto
1134 3509 1212 3576 infin
1237 3510 1295 3576 edi

164 3621 268 3688 XXI.
285 3621 338 3686 del
353 3628 503 3704 presente
529 3643 601 3687 cum
633 3620 756 3706 grande
781 3619 906 3685 fatiche
931 3642 948 3685 e
974 3641 1069 3703 spese
1093 3620 1135 3685 ho
1160 3626 1292 3704 possuto

163 3729 283 3796 havere
299 3729 434 3795 licentio
450 3730 504 3796 ala
518 3737 609 3796 terne
624 3729 723 3813 volte,
740 3735 772 3794 et
789 3750 852 3794 non
870 3729 938 3794 solo
959 3729 1133 3810 ritengouo
1150 3727 1173 3791 il
1200 3748 1295 3811 passo

166 3837 219 3902 (101
234 3858 335 3920 mere,
351 3860 405 3903 ma
421 3839 523 3903 anche
555 3862 574 3903 e
600 3846 690 3904 terre
714 3837 812 3922 pochi
836 3839 966 3920 possino
992 3835 1125 3918 andare,
1152 3857 1169 3898 e
1195 3835 1296 3918 quelli

165 3967 301 4011 cercone
329 3967 393 4010 non
418 3953 566 4029 portasse
591 3945 707 4011 lettere
734 3944 773 4010 dc
798 3963 889 4023 nove,
917 3941 975 4008 che
1003 3947 1231 4026 epartegnesse
1263 3941 1294 4006 ui

164 4053 282 4134 turchi,
313 4074 372 4136 per
395 4053 429 4118 la
454 4055 533 4136 quel
549 4074 623 4119 cosa
638 4054 669 4118 io
685 4074 750 4119 non
766 4051 808 4116 ho
826 4056 958 4134 possuto
976 4049 1102 4114 nvisare
1118 4048 1152 4113 lo
1167 4047 1295 4117 Vestra

166 4159 318 4244 Signoria
333 4162 450 4246 epieno
466 4160 505 4226 de
521 4162 687 4245 progressi
700 4161 739 4226 de
751 4163 864 4242 questo
877 4156 1113 4241 Signcr.Hora
1125 4155 1292 4237 quantuni

165 4273 315 4352 presente
334 4266 462 4349 accede,
479 4291 536 4353 per
554 4277 669 4353 questa
683 4270 816 4334 evicero.
842 4263 989 4331 Essendc
1005 4269 1138 4347 pessoto
1156 4263 1186 4326 el
1204 4261 1292 4326 dicto

1 4379 3 4410 ¹
44 4461 52 4474 Ι
166 4373 284 4460 Signor
301 4376 334 4438 in
350 4375 523 4456 Voluchia‚
539 4383 631 4443 trcvo
649 4376 679 4440 01
695 4397 792 4460 paese
809 4395 910 4438 vocuo
927 4379 959 4436 01
980 4372 1019 4436 (10
1044 4357 1166 4453 hominj
1195 4377 1228 4434 et
1255 4369 1294 4432 de

166 4485 241 4566 ogni
258 4491 349 4549 sorte
367 4483 406 4549 de
421 4484 594 4563 victualie3
612 4491 644 4550 et
662 4505 760 4550 erano
776 4482 841 4548 tuti
858 4480 984 4546 reducti
1002 4479 1055 4546 cle
1071 4483 1246 4562 montagne
1262 4483 1295 4542 et
1367 4506 1371 4509 ·
