3256 5304
626 345 718 411 msa
931 323 935 330 ’
1174 355 1234 414 sor

111 539 191 599 rum,
232 544 331 603 regno
364 523 536 602 Hungarie
578 526 700 590 auxilia
740 527 975 609 conferrantur,
1018 530 1236 612 habemusque

13 689 19 697 ,
111 631 397 710 impresentiarum
414 631 455 695 ob
472 632 507 696 id
524 631 710 715 specialiter
727 657 825 716 penes
842 635 1032 702 Pontificem
1057 636 1238 702 Maximum

109 736 288 802 Oratorem
303 744 456 802 nostrum.
473 739 506 802 N
508 762 543 804 eo
560 740 746 806 dubitamus
762 764 822 824 per
846 744 1019 826 appulsum
1044 745 1237 811 dominatio-

107 867 185 909 num
202 866 337 908 suarum
352 845 395 908 ad
412 845 526 909 urbem
537 844 753 912 Sanctitatem
770 848 877 930 Suam,
888 872 987 931 quam
998 851 1073 917 huic
1089 854 1136 916 rei
1152 854 1235 918 bene

107 952 302 1033 dispositam
319 973 388 1017 esse
406 954 532 1033 scimus,
550 956 750 1036 provisuram
769 977 845 1020 esse.
863 955 997 1039 Nosque
1014 960 1048 1022 in
1064 960 1125 1024 hoc
1137 962 1236 1026 etiam

106 1059 189 1124 nihil
216 1061 304 1142 apud
331 1083 401 1126 earn
429 1064 670 1143 pretermissum
696 1085 816 1144 sumus,
840 1071 877 1128 ut
902 1065 1034 1130 effectus
1058 1068 1120 1132 iste
1145 1072 1236 1151 sequi

106 1167 237 1234 habeat.

4 1353 6 1362 Ι
181 1276 184 1280 ’
215 1275 265 1342 At
282 1299 382 1360 quum
399 1276 645 1364 bladniticencie
663 1277 728 1344 Sue
744 1280 778 1342 in
795 1281 898 1361 specie
915 1282 1037 1348 auxilia
1062 1269 1236 1350 terrestria

77 1447 78 1454 ,
106 1392 222 1451 nostra
254 1391 377 1468 petunt,
406 1386 552 1466 dicimus,
577 1387 663 1467 quod
688 1386 765 1450 licet
789 1390 938 1453 maximis
969 1393 1102 1473 expeuis
1135 1395 1235 1458 simus

11 1505 16 1518 '
106 1494 255 1578 impliciti
272 1499 341 1585 tam
357 1495 390 1556 in
406 1494 510 1558 classe
527 1499 648 1575 nostra,
676 1517 775 1576 quam
792 1499 942 1562 continue
959 1504 1105 1563 tenemus
1123 1509 1236 1566 contra

107 1603 275 1667 'sarchum
292 1608 322 1666 et
340 1603 479 1666 maxime
495 1624 581 1665 nnnc
599 1602 701 1666 multo
719 1606 936 1686 potentiorem
954 1607 1059 1688 solito,
1087 1628 1185 1688 quam
1202 1610 1236 1673 in

106 1711 289 1775 muniendis
305 1711 401 1774 terris
419 1712 537 1774 uostris
554 1709 698 1774 finitimis
726 1712 811 1775 hosti
838 1713 989 1795 gentibus
1014 1721 1046 1778 et
1072 1716 1233 1798 presidiis,

106 1819 215 1901 cupidi
232 1825 339 1883 tamen
356 1819 488 1882 honoris
505 1824 538 1882 et
554 1819 712 1882 commodi
730 1817 937 1884 Serenissimi
953 1822 1064 1903 Regis,
1081 1845 1235 1889 conamur

104 1925 246 1990 libenter
263 1927 328 1990 suis
344 1925 557 2008 beneplacitis
574 1925 772 2013 satisfacere,
790 1949 964 2010 sumusque
991 1933 1134 1995 contenti
1161 1953 1236 1996 con-

104 2036 251 2100 tribuere
267 2034 437 2117 Majestati
456 2033 519 2099 Sue
540 2035 674 2099 ducatos
691 2036 757 2102 tria
773 2036 875 2099 millia
891 2039 925 2100 in
949 2059 1058 2103 mense
1074 2059 1132 2120 per
1149 2059 1235 2102 men-

105 2163 155 2206 ses
174 2163 230 2206 sex
246 2143 440 2222 stulterum,
458 2142 484 2204 si
502 2163 541 2206 ex
552 2143 852 2224 opportunitatibus
863 2143 971 2227 Regni
981 2145 1069 2208 illius
1085 2153 1234 2227 respectu

106 2251 313 2315 'sarchorum
329 2271 409 2332 opus
425 2271 495 2314 esse
512 2250 700 2331 videbimus,
712 2251 799 2332 quod
817 2251 996 2316 subsidium
1013 2259 1160 2316 nostrum
1176 2274 1235 2335 per
1305 2315 1311 2326 ,

4 2429 6 2438 ,
106 2361 213 2441 magis
230 2358 364 2440 longum
383 2364 510 2439 tempus
536 2355 606 2419 fieri
631 2356 762 2438 habeat,
789 2380 852 2422 non
878 2360 1100 2424 existimantes
1127 2360 1232 2437 minus

4 2451 11 2468 ³
104 2465 253 2548 pericula
287 2465 378 2545 regni
418 2464 520 2545 ipsius
556 2485 653 2544 quam
677 2472 807 2543 nostra;
840 2464 1078 2529 declarabimus
1108 2467 1141 2528 in
1172 2466 1233 2530 hoc

105 2575 206 2638 etiam
250 2570 425 2637 Sanctitati
457 2569 521 2635 Sue
561 2593 618 2652 per
660 2592 752 2635 veros
794 2571 936 2650 effeetus,
978 2577 1134 2653 quantum
1171 2573 1233 2637 sibi

104 2681 214 2746 affecti
235 2702 353 2745 sumus.

214 2785 312 2852 Circa
327 2793 456 2869 partem
474 2787 597 2850 consilii
614 2808 673 2869 pro
691 2809 747 2852 suo
765 2809 897 2852 accessu
913 2789 955 2853 ad
967 2787 1138 2852 Summum
1149 2787 1233 2852 Pon·

103 2897 234 2974 filicem,
252 2895 396 2976 dicimus,
414 2894 501 2976 quod
519 2895 751 2976 sapientissimi
763 2901 846 2976 sunt,
863 2917 922 2961 nec
933 2917 1012 2978 opus
1024 2895 1147 2959 habent
1159 2915 1232 2960 con·

4 2983 5 2990 ἵ
105 3005 178 3069 silio
196 3010 318 3082 nostro,
335 3003 390 3067 sed
407 3003 577 3066 hortamur
594 3003 856 3085 Magnificentias
873 3003 955 3068 Suas
973 3010 1009 3066 ut
1024 3003 1109 3068 bono
1126 3005 1233 3068 animo

108 3112 231 3176 vadant
247 3110 289 3174 ad
304 3111 492 3175 Romanurn
504 3108 704 3190 Pontificem,
715 3117 1032 3192 commemorentque
1042 3112 1235 3192 gravissima

109 3219 255 3301 pericula
272 3218 364 3300 regni
382 3223 414 3281 et
442 3217 701 3282 Christianitatis
729 3239 766 3281 ac
792 3218 955 3282 solicitant
981 3217 1103 3282 auxilia
1129 3217 1233 3282 confe-

105 3327 218 3405 renda,
244 3325 415 3407 presertim
431 3325 612 3408 portionem
633 3324 776 3390 debitam
793 3324 1012 3389 Beatitudinis
1029 3324 1103 3404 Sue,
1119 3327 1152 3388 in
1171 3347 1234 3407 qua

105 3455 140 3498 re
173 3432 274 3498 etiam
306 3427 428 3495 Orator
462 3437 581 3513 noster,
607 3436 644 3494 ut
670 3431 809 3495 diximus
835 3431 916 3496 nihil
949 3432 988 3496 de
1020 3431 1230 3513 possibilibus

105 3541 286 3605 emissurus
303 3544 359 3604 est.

210 3647 263 3712 De
279 3651 372 3728 parte
420 3677 463 3690 -
513 3687 548 3694 -
601 3649 673 3709 164.

210 3755 261 3818 De
278 3775 342 3818 non
425 3793 458 3800 -
511 3789 552 3800 -—
626 3758 674 3817 14.

210 3860 465 3926 Nonsinceri-
513 3899 556 3910 --
651 3867 678 3928 2.

210 4023 367 4087 (Velenczei
381 4024 559 4086 allamkonyv
575 4028 633 4072 152.
647 4024 676 4084 l.)
