3268 5308
410 285 472 355 116
763 296 998 353 bisudunensi
1014 292 1181 351 nunaunt.

406 469 498 552 gredi
515 489 610 552 posse
625 468 778 548 videmus,
795 487 875 550 quas
891 465 932 530 ob
948 487 999 530 res
1011 486 1104 531 orare
1114 465 1260 530 volumus
1270 485 1309 528 ex
1319 460 1415 529 corde
1425 458 1539 530 Beati·

406 576 554 642 tudinem
565 573 674 655 Suam,
684 581 721 640 nt
732 575 792 640 has
808 575 961 640 honestas
978 578 1012 638 et
1028 594 1127 656 equas
1141 571 1389 658 justificationes
1405 578 1540 638 nostras

406 684 563 766 suscipiat
572 685 607 748 in
617 705 688 748 eam
700 688 837 766 partem,
848 702 946 764 quam
957 678 989 746 S.
1007 678 1107 746 Suam
1123 703 1183 764 pro
1200 681 1268 764 ejus
1285 680 1473 746 admirabili
1489 703 1542 745 sa·

405 792 538 874 pientia,
555 796 777 874 suscepturam
793 811 848 854 eas
862 810 926 854 non
937 787 1141 855 dubitamus:
1158 788 1384 872 digneturque,
1400 794 1439 854 ut
1449 791 1542 872 pium

406 905 438 962 et
462 897 745 964 clementissimum
761 903 888 981 patrem
906 896 1084 962 christiane
1099 897 1267 980 religionis
1284 897 1387 977 decet,
1411 898 1543 962 interea

409 1006 494 1087 quod
520 1026 571 1070 res
587 1009 698 1071 sancte
715 1005 927 1088 expeditionis
942 1005 1072 1087 disponi
1087 1011 1249 1088 poterunt,
1264 1004 1485 1088 premeditari,
1503 1009 1544 1069 ut

410 1112 550 1178 diximus
580 1113 772 1196 gravissima
796 1111 941 1196 pericula
965 1113 1208 1195 Hungarorum,
1243 1111 1359 1196 quibus
1385 1113 1448 1177 nisi
1474 1114 1542 1176 cito

406 1221 617 1304 provideatur
641 1240 699 1303 per
725 1221 911 1286 missionem
936 1221 1031 1284 unius
1051 1219 1170 1304 Legati
1195 1242 1268 1286 cum
1293 1221 1403 1305 aliquo
1428 1219 1543 1286 favore

408 1330 618 1410 pecuniarum
634 1333 667 1392 et·
684 1348 740 1411 spe
756 1325 859 1392 futuri
873 1327 1026 1411 presidij:
1056 1333 1180 1394 certum
1198 1329 1302 1393 teneri
1317 1334 1435 1412 potest,
1451 1329 1542 1411 quod

409 1437 467 1497 aut
484 1434 600 1500 Turcis
624 1435 840 1515 succumbere,
866 1439 924 1499 aut
940 1434 1146 1500 concordium
1162 1457 1277 1518 capere
1293 1437 1543 1520 compellentur,

409 1541 633 1631 cummaxime
644 1540 761 1606 damno
773 1541 1033 1606 christianitatis.
1045 1538 1344 1610 Commemoramns
1355 1550 1542 1628 quoqne,ut

408 1645 493 1730 Regi
505 1647 641 1711 Bossine
657 1652 690 1711 et
706 1646 792 1713 Duci
809 1647 977 1731 Stephano
994 1649 1053 1714 fiat
1069 1649 1181 1732 aliqua
1196 1653 1346 1735 provisio,
1363 1654 1447 1717 sicut
1457 1653 1541 1718 alias

409 1753 558 1834 diximus,
574 1760 611 1818 ut
625 1753 775 1820 resistere
790 1755 917 1837 possint
933 1754 1048 1837 Turco,
1065 1761 1099 1820 et
1109 1757 1294 1839 periclitare
1306 1781 1371 1823 non
1380 1759 1539 1841 habeant,

410 1861 496 1925 circa
522 1882 585 1944 que
610 1859 643 1926 S.
670 1860 770 1926 Suam
785 1885 845 1947 pro
872 1886 996 1930 summa
1022 1866 1092 1949 ejus
1118 1866 1279 1948 sapientia
1296 1873 1329 1932 et
1344 1869 1541 1934 auctoritate
1625 1871 1627 1956 J

409 1964 503 2034 facile
520 1969 690 2051 providere
705 1992 800 2053 posse
817 1978 972 2041 tenemus.

515 2075 581 2140 Pro
598 2082 720 2159 quanto
736 2100 811 2144 vero
828 2081 871 2144 a'd
887 2103 946 2146 nos
961 2083 1111 2165 pertinet,
1128 2083 1272 2164 dicimuS,
1289 2083 1377 2166 quod
1393 2083 1541 2148 inmuni·
1625 2099 1627 2122 ²

408 2184 499 2248 endis
515 2183 594 2248 locis
615 2185 735 2250 nostris
752 2188 894 2268 partium
913 2189 1069 2272 Orientis,
1086 2212 1150 2273 que
1167 2197 1241 2256 sunt
1256 2193 1539 2275 propugnaculum
1626 2247 1627 2252 ,

407 2291 503 2373 hosti,
527 2291 661 2357 fecimus
687 2293 806 2358 multas
832 2315 989 2377 expensas
1015 2303 1049 2362 et
1076 2305 1135 2364 ect.
1161 2297 1257 2383 Quod
1283 2323 1363 2366 onus
1389 2301 1540 2383 gravissi·
1625 2281 1627 2332 3

408 2416 495 2461 mum
511 2403 705 2484 sumpsimus
720 2400 886 2469 firmantes
897 2404 1057 2488 judicium
1072 2414 1217 2473 nostrum
1233 2410 1268 2472 in
1283 2410 1343 2490 his,
1353 2428 1416 2492 que
1432 2409 1541 2491 sepius
1625 2443 1627 2494 j

408 2504 501 2600 nobis
526 2505 615 2572 dicta
632 2514 664 2573 et
679 2511 840 2592 promissa
857 2518 933 2577 sunt
948 2512 988 2579 de
1004 2513 1137 2580 decimis
1154 2516 1241 2582 XX.
1260 2522 1293 2582 et
1307 2515 1423 2582 XXX
1438 2521 1540 2581 terra-

408 2632 478 2678 rum
496 2619 689 2696 nostrarum,
716 2616 775 2680 sub
792 2640 858 2700 qua
875 2621 1056 2686 certissima
1072 2643 1128 2706 spe
1152 2628 1203 2688 tot
1227 2643 1386 2707 expensas
1401 2623 1540 2704 ingressi
1625 2697 1627 2706 Α

409 2741 527 2804 sumus,
552 2720 690 2805 ideoque
716 2722 920 2793 devotissime
937 2729 1166 2814 supplicamus,
1192 2737 1229 2796 ut
1245 2753 1301 2796 eas
1317 2730 1412 2798 nobis
1429 2753 1539 2796 conce·

408 2828 484 2893 dere
501 2828 654 2915 dignetur
671 2837 703 2896 et
720 2838 779 2897 ect.

517 2939 997 3022 Jsroo-r—r.

515 3102 672 3160 (Velenczei
685 3105 863 3169 allamlrbnyy
879 3111 920 3158 76.
938 3109 968 3168 l.)
1009 3157 1010 3161 ,

892 3323 1052 3330 ...φφ-...-

946 3557 996 3619 74.

408 3708 500 3782 1461,
528 3708 648 3792 latren,
665 3713 758 3779 actui
775 3712 905 3800 Gpo'rgp
921 3717 1006 3781 saerb
1022 3718 1154 3806 despota
1163 3720 1217 3802 fia
1234 3743 1255 3782 a
1270 3722 1536 3808 mildndisejede-

766 3824 885 3886 lembos
900 3825 1056 3890 asserebat
1073 3828 1163 3892 kald.

514 4011 725 4080 Serenissime
761 4018 920 4101 Princeps
954 4026 987 4084 et
1021 4021 1144 4087 Eccell.
1180 4023 1330 4090 Domine.
1369 4025 1537 4093 Premissa

406 4123 717 4188 recommendatione
733 4127 833 4190 totius
847 4130 1084 4211 prosperitatis,
1097 4131 1221 4196 sincero
1237 4153 1310 4196 cum
1326 4131 1454 4200 affectu.
1478 4133 1536 4200 Ad

406 4232 547 4291 vestram
572 4228 806 4297 sublimitatem
831 4236 864 4298 in
882 4235 1076 4318 quibusdam
1092 4237 1325 4322 Legationibus
1341 4244 1464 4307 nostris
1479 4245 1537 4308 mi-

406 4333 506 4398 simus
516 4336 575 4398 hos
586 4340 734 4420 egregios
745 4341 838 4406 nobis
848 4344 970 4409 sincere
981 4344 1116 4412 dilectos
1126 4347 1331 4414 Demetrium
1341 4350 1536 4434 etDianum,

405 4449 558 4527 rogant-es
584 4446 722 4510 eandem
740 4449 896 4518 Vestram
923 4450 1175 4538 Sublimitatem,
1202 4463 1359 4543 quatenus
1375 4459 1472 4526 dictis
1489 4462 1537 4548 ip·
