3256 5304
635 363 746 427 [1463.
1200 364 1262 425 251

132 542 229 606 nibus
255 543 410 604 assistere
436 541 545 620 libeat,
572 539 694 606 labitur
721 538 893 602 velocitate
919 545 1054 621 tempus
1098 540 1173 604 Erit
1199 541 1264 603 cito

132 650 318 732 proximum
335 650 476 732 primum
493 671 557 712 ver.
574 649 641 712 Res
657 648 795 712 feliciter
811 647 950 730 gerende
968 648 1179 713 inceleritate
1190 671 1265 712 con-

134 759 251 822 sistere
278 757 392 822 solent.
418 756 490 842 Que
508 762 628 838 sancte,
645 758 852 839 glorioseque
869 777 927 838 per
944 757 1098 823 Vestram
1114 755 1266 822 Beatitu·

135 866 244 930 dinem
261 869 355 948 eepta
371 872 455 947 sunt,
481 866 652 931 certissimi
670 885 777 929 sumus
794 885 864 928 eam
882 886 954 928 cum
971 862 1078 929 salute
1095 865 1264 928 christiani

133 975 276 1038 nominis
298 975 411 1058 populi
428 975 491 1040 sibi
507 975 679 1054 commissi,
696 979 874 1055 eternaque
891 979 923 1037 et
939 972 1150 1038 immortabili
1167 972 1263 1038 laude

133 1082 353 1146 mediaturam
370 1090 402 1147 et
418 1103 518 1165 usque
534 1084 568 1146 in
584 1083 680 1147 finem
696 1086 941 1165 prosecuturam
959 1102 1037 1146 esse.

243 1189 294 1253 De
310 1195 404 1272 parte
481 1230 523 1236 -
570 1228 613 1238 -
663 1194 735 1254 137.

241 1295 293 1361 De
309 1319 374 1361 non
481 1336 523 1346 -
571 1337 613 1346 -
708 1303 734 1362 1.

150 1445 153 1452 ⁴
242 1407 318 1472 Non
336 1407 451 1471 sinceri
488 1445 519 1451 —-
571 1446 613 1454 --
708 1412 734 1473 1.

240 1570 397 1632 (Velenozei
409 1571 587 1634 allarnkonyv
603 1577 661 1621 201.
676 1573 705 1631 l.)

665 2025 738 2085 155.

134 2187 229 2248 1463.
246 2184 277 2247 A
292 2186 446 2248 roeleuczei
461 2186 680 2248 attentantes
692 2182 794 2270 Aymo
804 2185 908 2249 Jenos
924 2186 1191 2272 mapyurorsqui
1208 2187 1260 2249 1ιό-

132 2295 207 2357 vetet
224 2317 245 2355 a
257 2297 364 2379 pcipe,
380 2318 401 2356 a
419 2293 584 2375 burgundi
591 2293 762 2378 fejedelem
778 2294 810 2356 e's
827 2318 847 2355 α
861 2293 1019 2379 Sipnorio
1040 2295 1109 2358 ledat
1120 2297 1260 2378 lc'trrjo'tt

428 2402 519 2466 to'ro'le
536 2401 632 2466 ellani
648 2402 717 2488 ligia
728 2397 814 2482 feldl
831 2401 961 2466 e'rtest'ti.
1007 2491 1008 2494 Ἴ

128 2595 422 2663 MOOOOLXIH.
439 2596 491 2661 die
506 2595 606 2664 XVI.
624 2596 657 2661 N
660 2596 826 2662 ovembris.

236 2703 297 2772 Ser
307 2706 332 2772 J
334 2707 432 2771 oanni
442 2703 541 2771 Aimo
558 2707 663 2787 militi,
675 2706 811 2773 Oratori
827 2711 938 2771 nostro
956 2705 1258 2773 adSerenissimurn

129 2815 253 2896 Regem
270 2814 451 2897 Hungarie.

237 2921 294 2988 Ad
320 2921 461 2988 officium
487 2923 668 2990 affectionis
693 2929 804 2989 nostre
829 2926 863 2989 in
884 2923 1026 3006 Regiam
1043 2922 1257 2988 Serenitatem

127 3032 301 3114 Hungarie
315 3033 479 3115 pertinere
495 3034 727 3115 cognoscimus,
753 3054 816 3116 que
832 3032 925 3098 nobis
941 3037 1123 3112 occurrunt,
1148 3033 1257 3114 cogni·
1311 3047 1316 3060 ⁸

128 3142 217 3205 tione
234 3140 343 3222 digna,
360 3147 393 3206 et
409 3161 472 3222 que
487 3141 627 3207 maxime
645 3163 709 3206 non
726 3141 913 3207 dubitamus
929 3143 1141 3225 Majestatem
1158 3139 1257 3208 Suam

126 3271 185 3332 pro
198 3249 342 3332 jucundo
358 3249 466 3314 animo
482 3250 669 3314 audituram
685 3271 765 3333 esse,
782 3249 843 3315 sibi
855 3249 1047 3334 significare.
1058 3248 1257 3314 Nuntiamus

126 3359 237 3438 itaque
253 3357 355 3435 vobis,
371 3356 459 3440 quod
475 3359 631 3441 proximis
652 3358 767 3423 diebus
778 3360 864 3424 inter
875 3359 1044 3425 Summum
1056 3355 1256 3438 Pontificem,

123 3464 387 3529 Illustrissimum
403 3464 581 3530 Dominum
597 3467 723 3531 Ducem
749 3467 950 3549 Burgundie‚
976 3473 1007 3530 et
1033 3487 1091 3532 nos
1115 3466 1150 3529 in
1175 3463 1256 3528 urbe

125 3573 234 3638 Roma
244 3573 352 3637 medio
364 3570 540 3638 Oratorum
550 3575 652 3657 ipsius
669 3576 793 3640 domini
803 3575 914 3654 Ducis,
932 3581 964 3640 et
979 3580 1167 3640 nostrorum
1183 3573 1275 3637 istic*

124 3681 343 3760 existentium,
359 3681 614 3766 habentiumque
625 3691 817 3766 opportuna,
837 3684 989 3749 conclusa
1007 3689 1039 3747 et
1049 3682 1191 3768 ¹feliciter
1207 3702 1255 3746 ce·

123 3788 256 3854 lebrata
281 3796 330 3854 est
355 3789 442 3856 bona
466 3792 534 3875 liga
559 3798 591 3857 et
617 3792 837 3876 intelligentia
863 3797 977 3858 contra
1002 3790 1254 3876 perfidissimum

123 3896 251 3962 hostem
267 3896 418 3979 Turcum
444 3899 596 3965 adversus
622 3923 718 3984 quem
745 3901 844 3966 etiam
869 3901 925 3965 alii
953 3906 1140 3984 potentatus
1156 3897 1253 3964 Italic

125 4005 350 4089 disponuntur,
373 4009 513 4074 secuturi
533 4007 746 4074 Serenitatem
763 4008 862 4076 Suam
879 4009 996 4074 validis
1011 4007 1135 4073 viribus
1151 4014 1184 4073 et
1200 4030 1254 4091 po-

123 4115 236 4177 tentia.
269 4114 561 4199 Promiseruutque
588 4115 738 4182 Summus
765 4116 914 4182 Pontifex
943 4139 981 4181 ae
1006 4115 1252 4182 Illustrissimus

124 4222 201 4286 Dux
227 4222 383 4305 prefatus
418 4225 480 4290 hoo
504 4228 650 4308 proximo
676 4234 822 4310 tempore
847 4249 930 4291 novo
955 4227 1194 4309 presentialiter
1219 4247 1253 4291 se

124 4351 251 4394 movere
268 4337 301 4394 et
317 4333 440 4396 cunctis
457 4332 578 4399 viribus
594 4336 686 4417 mari,
702 4342 855 4418 terraque
870 4356 970 4417 agere
986 4340 1101 4399 eontra
1117 4334 1252 4414 hostem,

123 4439 398 4519 quemadmodum
423 4447 456 4505 et
481 4463 540 4504 nor
566 4443 700 4507 facimus
727 4450 758 4508 et
783 4465 900 4526 magno
918 4451 949 4508 et
965 4444 1129 4508 constanti
1144 4443 1251 4506 animo

124 4545 229 4611 facere
246 4547 385 4632 polliciti
400 4570 518 4631 sumne,
535 4571 715 4638 augereque
733 4554 818 4620 vires
835 4559 972 4634 nostras,
990 4559 1020 4619 et
1037 4553 1119 4618 nihil
1130 4554 1170 4618 de
1181 4574 1250 4640 pos·
