3292 5310
653 413 747 477 1466.
896 421 901 435 “
1222 425 1261 484 73
1329 383 1331 387 ⁸

247 577 467 654 Adnltimam
483 586 523 650 de
539 585 626 653 facto
643 589 730 671 salis,
756 612 850 674 quem
874 593 956 674 petit
981 595 1149 662 extrahere
1175 620 1269 681 posse

139 684 179 750 de
204 690 302 754 terris
320 695 353 754 61
369 691 449 756 locis
465 695 597 776 nostris,
614 697 769 763 solvendo
786 698 881 765 dacia
896 706 955 766 616.
972 708 1034 784 661,
1046 704 1220 786 justificari
1235 712 1269 772 61

138 795 312 862 honestare
338 797 456 864 debeat
481 823 533 866 res
562 803 636 883 ista,
668 806 961 891 concludendoque,
976 811 1064 891 qnod
1080 809 1114 875 in
1130 813 1192 877 hoc
1208 813 1268 878 sibi

139 903 342 985 complacere
360 928 426 971 non
441 929 616 991 possemne,
633 912 695 976 nisi
712 936 784 978 cum
799 938 917 998 magno
934 916 1053 982 damno
1070 925 1102 984 et
1125 919 1268 987 destruc-

135 1009 227 1073 tione
252 1008 476 1094 Gamerarnm,
513 1017 769 1102 introituumqne
796 1029 990 1106 nostrorum,
1016 1025 1102 1107 quod
1128 1032 1163 1091 ut
1189 1029 1268 1094 certi

137 1139 259 1198 snmus,
275 1119 481 1186 Excellentia
498 1122 564 1189 Sua
581 1124 689 1191 videre
705 1149 770 1193 non
786 1113 892 1196 vellet.

246 1225 289 1309 J,
339 1229 401 1291 142
448 1267 492 1276 -
538 1237 558 1295 0
608 1270 645 1282 -
695 1237 723 1298 a

246 1354 405 1414 (Velenozei
418 1354 503 1407 illum
516 1357 611 1422 konyv
626 1363 667 1410 31.
681 1360 711 1420 l.)

623 1505 781 1514 ————--.=

673 1668 726 1730 46.

1 1773 2 1819 f
133 1805 233 1867 1460.
258 1805 350 1868 Bc'ce.
376 1806 507 1870 Bollaa'
522 1806 659 1888 Kristof
672 1808 826 1892 jelentc'sc
851 1833 871 1872 6
893 1809 1030 1876 6611116όὶ
1038 1765 1264 1896 fejedelemltez

1 1905 2 1980 s
132 1911 267 1997 Mauryas
278 1913 390 2000 tirnly
404 1915 435 1978 e's
446 1913 589 1980 Fridrilc
606 1919 737 1979 ocdszdr
753 1917 1007 1983 toldllroza'rcirol
1024 1921 1145 1986 1611166
1162 1923 1265 1986 161611

542 2023 844 2113 11169ψῑάεα1166όί.

241 2179 294 2246 Ill.
320 2185 353 2246 61
376 2181 659 2248 Excellentissimo
685 2182 803 2266 Signor
828 2185 901 2249 mio.
934 2185 1114 2252 Essendovi
1140 2187 1174 2252 16
1190 2210 1263 2254 666-

1 2287 2 2311 1
129 2291 226 2354 11666
243 2291 467 2373 expectatione
485 2291 525 2356 de
542 2291 1263 2380 16666616666(161861661661166116(11163-

129 2397 235 2478 heria,
252 2398 298 2480 gli
324 2419 421 2463 66666
447 2397 523 2463 addi
542 2403 592 2464 11.
609 2399 662 2464 del
678 2406 811 2483 passatc
828 2422 887 2467 666
903 2403 960 2484 piu
977 2403 1010 2467 di
1029 2403 1118 2470 mille
1135 2403 1263 2488 cinque·

130 2511 228 2570 cento
240 2505 358 2570 cavalli
368 2505 451 2571 bene
462 2507 634 2589 inpronto,
648 2529 736 2572 econ
747 2509 778 2572 16
789 2496 930 2591 squadrc
941 2522 1005 2592 sne,
1020 2532 1111 2576 ccmo
1128 2533 1162 2576 se
1176 2512 1264 2578 losse

131 2613 255 2678 andato
272 2614 305 2677 16
323 2610 493 2696 battaglia.
517 2613 569 2679 La
585 2614 762 2697 Imperiale
779 2615 909 2681 Maesta
924 2617 970 2700 gli
987 2617 1087 2684 andol
1103 2620 1262 2703 incontro,

23 2721 26 2726 ’
130 2727 163 2785 61
190 2722 223 2785 16
250 2743 311 2786 666
339 2741 409 2787 essa
433 2743 524 2788 mezo
549 2723 705 2806 migliaro
723 2721 884 2807 dequesti
908 2731 1103 2791 etcnatesse
1120 2728 1154 2792 16
1169 2751 1263 2792 mane

129 2851 148 2892 6
164 2829 291 2894 cavallo
309 2829 342 2894 la
359 2851 559 2914 compagnoe
576 2831 630 2895 616
643 2827 771 2910 Ohiesa,
798 2831 914 2898 deinde
931 2833 963 2899 al
979 2835 1163 2900 lozamcnto
1183 2857 1261 2916 su0;

128 2937 173 3019 gli
200 2937 236 3002 lu
261 2937 346 3003 fatto
364 2938 581 3020 grandissimo
598 2939 730 3021 honore,
759 2945 791 3004 et
805 2946 935 3022 portate
951 2941 981 3004 16
998 2947 1108 3006 sancte
1123 2942 1261 3026 reliquie

128 3047 161 3108 in
180 3052 296 3112 contro
311 3046 377 3111 lino
393 3046 426 3110 61
441 3047 544 3130 borgo
561 3047 650 3112 della
671 3053 771 3112 terra.
786 3047 896 3130 Dopoi
914 3049 970 3131 pin
985 3048 1072 3114 volte
1088 3069 1167 3115 sono
1182 3050 1261 3115 stati

1 3202 2 3212 ,
129 3154 271 3249 166161661
285 3153 348 3220 soli
363 3154 434 3220 loro
452 3156 516 3238 dny
533 3173 628 3220 senza
644 3177 684 3219 ne
697 3152 862 3238 Secretarj
879 3175 920 3219 ne
931 3153 1103 3220 Consilieri
1120 3178 1215 3241 sopra
1231 3158 1263 3224 61

128 3267 274 3328 tractato
302 3261 341 3326 de
366 3268 512 3328 asestare
528 3263 559 3327 16
575 3264 646 3328 loro
663 3261 856 3345 differentia,
882 3269 915 3328 61
930 3285 990 3348 per
1006 3263 1065 3329 doe
1082 3265 1167 3330 volte
1184 3287 1262 3332 sono

128 3369 242 3435 caduti
266 3371 301 3435 16
325 3377 420 3436 16616
447 3370 607 3436 (1111166116
634 3393 650 3435 6
674 3393 763 3437 mezo
780 3371 914 3456 sdegno,
940 3371 999 3436 che
1015 3372 1047 3438 lo
1065 3373 1193 3456 prefato
1211 3374 1261 3440 Re

127 3479 241 3544 voleva
257 3480 393 3562 partire,
416 3501 479 3562 pur
496 3479 689 3545 nondimeno
706 3478 858 3544 andando
876 3502 895 3544 a
911 3479 1051 3562 togliere
1069 3481 1204 3546 11666116
1220 3482 1263 3546 da

126 3588 159 3652 la
175 3587 310 3652 Maesta
334 3588 513 3670 imperiale,
542 3610 562 3653 6
588 3588 685 3672 quale
701 3585 933 3670 dispiaoendoli
950 3587 1022 3654 chel
1039 3588 1170 3654 dovesse
1187 3611 1260 3673 par·

127 3697 191 3760 tire
209 3716 306 3760 senza
321 3695 408 3762 bona
423 3696 636 3779 conclusione,
652 3697 684 3760 lc
699 3696 828 3780 invitoe,
845 3697 903 3761 che
919 3697 1096 3762 andassero
1106 3697 1186 3762 tutti
1197 3697 1260 3781 doy

128 3803 172 3866 da
187 3801 402 3886 Monsignore
428 3804 467 3870 (lc
485 3802 652 3892 Strigonia
677 3824 767 3869 como
793 3803 849 3870 dal
872 3803 991 3888 judice,
1016 3805 1087 3868 616
1114 3825 1186 3869 essa
1202 3826 1262 3888 per

129 3911 239 3994 quella
256 3910 344 3977 volta
359 3917 476 3994 restoe,
493 3919 526 3978 ct
542 3913 618 3995 ogni
633 3933 709 3977 cosa
724 3913 902 3996 procedete
918 3912 973 3995 poi
989 3912 1075 3975 omni
1087 3911 1121 3976 di
1132 3911 1261 3995 meglio,

1 4040 2 4045 ¹
129 4019 218 4084 siche
243 4019 479 4086 incomenciato
495 4020 528 4086 la
544 4019 817 4104 reconciliazione,
833 4021 938 4084 havea
953 4018 1073 4082 havnto
1089 4018 1172 4083 bone
1189 4018 1262 4098 fine,

129 4148 220 4192 como
236 4127 267 4192 el
284 4128 318 4191 di
336 4134 491 4210 sequente
507 4127 539 4192 lo
555 4127 686 4210 prolato
702 4125 753 4193 Re
770 4128 803 4192 in
819 4125 943 4210 grande
960 4131 1085 4190 secreto
1102 4146 1158 4189 sue
1177 4125 1262 4190 disse

129 4234 170 4298 de
194 4234 299 4300 bocca
320 4235 462 4318 propria,
488 4240 732 4301 acontentezza
750 4235 790 4299 de
805 4231 846 4302 V.
865 4232 897 4298 S.
928 4232 988 4298 Ma
1003 4233 1212 4298 tractandose
1230 4234 1261 4298 el
1328 4277 1332 4282 -

130 4343 219 4409 16616
246 4344 286 4409 de
314 4342 560 4425 Panchirchier,
597 4343 656 4408 che
681 4364 739 4408 era
766 4363 831 4426 qua
856 4363 916 4406 con
943 4340 1204 4424 salvaeonducto,
1229 4348 1263 4407 et

134 4451 272 4516 essendo
304 4435 337 4516 16
362 4472 473 4516 mazor
500 4449 660 4516 difficolta
685 4451 791 4514 levato
808 4471 904 4532 sopra
921 4453 1036 4532 questa
1051 4469 1134 4530 cosa,
1161 4449 1219 4514 che
1235 4449 1265 4514 16

132 4559 267 4626 castello
295 4557 348 4624 del
363 4554 515 4644 Cognato
542 4559 581 4624 de
597 4580 669 4626 esso
686 4557 929 4640 Panohirchier,
960 4556 1017 4623 che
1033 4563 1129 4624 tenne
1145 4559 1177 4622 la
1193 4580 1263 4642 pre-
