3256 5304
365 363 428 426 236
716 377 950 424 nmnonaonmr
966 365 1135 422 nnnnnnn.

363 538 482 620 partim
507 535 582 601 odio
601 537 635 600 in
656 536 799 604 Turcum
816 544 849 602 et
868 537 984 601 timore
1001 535 1120 600 suimet
1136 533 1201 599 Sue
1218 534 1416 598 Excellentie
1445 533 1499 598 fa·

365 652 470 726 veant,
487 650 520 709 et
537 644 681 710 Turcum
698 647 806 730 ipsum
822 647 856 709 in
874 644 1008 708 diversis
1024 641 1173 726 partibus
1189 643 1361 707 molestare
1378 663 1502 705 conen-

364 758 426 817 tur.
444 751 622 836 Propterea
640 749 1305 836 nonexpectetIllustrissimaDominatio
1316 748 1393 830 Sua,
1404 748 1502 831 quod

365 861 464 926 animi
480 859 649 944 tepefiant,
665 866 698 926 et
714 883 766 926 res
782 861 880 926 Turoi
901 862 934 924 in
950 859 1066 941 Regno
1092 858 1149 922 illo
1176 859 1392 923 diuturnitate
1416 861 1503 920 tem·

365 969 453 1052 poris
488 969 747 1036 corroborentur.
773 969 824 1033 Ea
856 972 1016 1051 preterea,
1042 986 1105 1048 que
1131 965 1258 1049 Spoleti
1289 963 1428 1029 senseris
1465 968 1502 1026 et

367 1078 568 1143 intellexeris
585 1077 625 1142 de
642 1075 881 1146 conditionibus
897 1076 974 1154 illis,
994 1080 1027 1138 et
1043 1074 1105 1139 tibi
1130 1074 1173 1139 ad
1198 1073 1402 1157 propositum
1427 1072 1505 1136 visa

366 1185 496 1267 fuerint,
513 1206 624 1253 sumus
642 1185 792 1267 contenti,
807 1189 844 1248 ut
860 1206 933 1248 oum
947 1205 984 1248 eo
1000 1183 1043 1248 ad
1059 1183 1264 1265 propositum
1289 1179 1447 1260 consensa,
1467 1186 1505 1245 et

366 1293 425 1374 his,
442 1293 656 1376 omnibusque
671 1293 744 1358 aliis
760 1292 868 1358 verbis
885 1298 917 1356 et
941 1289 1132 1370 rationibus,
1158 1312 1221 1373 que
1246 1289 1418 1372 prudentie
1445 1293 1507 1351 tue

368 1402 436 1466 vise
452 1401 583 1481 fuerint,
599 1423 739 1485 procura
756 1407 789 1466 et
799 1403 912 1483 nitere,
929 1405 1087 1483 quantum
1097 1405 1200 1482 potes,
1216 1395 1507 1463 utExcellentiam

367 1508 468 1575 Suam
484 1510 644 1574 inanimes
663 1516 696 1575 et
721 1511 858 1578 inducas
883 1510 925 1574 ad
951 1530 985 1574 se
1012 1507 1206 1573 movendum
1233 1513 1348 1571 contra
1374 1505 1506 1570 Turcos

367 1619 401 1682 in
417 1618 475 1684 illa
492 1619 671 1702 provincia,
688 1625 720 1682 et
735 1619 793 1684 ubi
809 1639 848 1684 ac
866 1640 930 1701 quo
951 1617 1048 1682 modo
1073 1616 1135 1682 tibi
1159 1617 1264 1698 magis
1289 1613 1370 1678 utile
1397 1619 1429 1677 et
1457 1611 1506 1676 ad

368 1727 574 1810 propositum
615 1728 860 1792 convenientius
901 1727 1005 1791 visum
1035 1725 1153 1804 fuerit3
1194 1721 1400 1788 Excellentie
1428 1717 1505 1809 Sue

367 1835 466 1898 etiam
483 1833 581 1915 dicas,
597 1834 684 1916 quod
700 1855 759 1900 nos
776 1855 906 1917 quoque
922 1833 1078 1897 honestos
1104 1839 1137 1896 et
1162 1832 1388 1896 convenientes
1413 1827 1507 1892 favo-

366 1963 419 2006 res
436 1946 564 2006 nostros
581 1941 624 2008 ad
640 1942 868 2008 liberationem
893 1941 1002 2025 Regni
1028 1940 1115 2005 illius
1146 1961 1186 2004 ex
1211 1938 1362 2004 manibus
1389 1935 1509 2001 infide-

367 2049 447 2115 lium
464 2049 576 2114 deesse
592 2072 658 2115 non
678 2052 848 2134 patiemur.

476 2155 658 2241 Nescimus,
674 2159 716 2224 ad
734 2178 829 2240 quem
845 2159 1021 2223 terminum
1037 2157 1174 2222 deducte
1192 2157 1255 2220 sint
1273 2154 1509 2232 dissensiones,

368 2288 448 2348 quas
465 2289 537 2331 cum
553 2265 620 2331 filio
639 2267 709 2350 ejus
726 2265 855 2332 Oomite
872 2265 1046 2334 Vladislao
1063 2265 1183 2330 habere
1208 2267 1428 2341 consueverat,
1444 2260 1510 2324 sed

368 2395 468 2456 quum
482 2373 603 2439 bonam
618 2373 881 2457 tranquilitatem
898 2380 930 2438 et
946 2373 1079 2456 quidem
1094 2373 1180 2436 inter
1197 2392 1251 2438 eos
1266 2371 1343 2434 huic
1368 2367 1506 2449 negotio

369 2503 469 2563 quam
485 2483 624 2546 maxime
640 2482 818 2548 conducere
833 2502 929 2564 posse
945 2481 1173 2563 intellegimus,
1199 2479 1299 2542 immo
1325 2477 1389 2540 nisi
1415 2476 1506 2539 inter

367 2587 457 2670 ipsos
474 2593 607 2670 ceteros,
623 2611 686 2672 que
702 2588 786 2654 filios
803 2588 948 2673 ejusdem
958 2588 1083 2670 Duehe‚
1100 2594 1132 2652 et
1142 2585 1279 2650 eundem
1289 2581 1504 2652 Vladislaum

369 2695 412 2759 sit
426 2692 512 2760 bona
529 2695 718 2762 concordia:
745 2717 809 2760 non
825 2696 978 2774 videmus,
1000 2693 1129 2777 quando
1146 2693 1189 2758 ad
1205 2714 1275 2757 rem
1291 2691 1376 2756 hanc
1394 2695 1505 2756 atten-

369 2800 446 2866 dere
461 2803 596 2885 possint,
612 2802 768 2882 volumus‚
786 2810 823 2868 ut
839 2805 867 2868 si
891 2805 978 2867 inter
1003 2823 1058 2866 eos
1084 2800 1259 2866 concordia
1285 2804 1380 2880 esset,
1405 2799 1504 2863 illam

369 2909 559 2977 confirmare
576 2918 610 2976 ct
626 2911 837 2978 corroborare
855 2909 1103 2993 diligentissime
1130 2909 1262 2973 studeas
1278 2929 1336 2990 per
1362 2905 1508 2988 modum,

370 3018 457 3100 quod
473 3040 583 3084 omncs
610 3021 705 3085 simul
731 3020 879 3085 omnibus
905 3019 1038 3098 viribus,
1063 3018 1150 3082 inter
1177 3039 1210 3080 se
1236 3015 1358 3098 optime
1384 3013 1508 3078 intelli-

369 3130 490 3208 gentes,
507 3125 678 3192 deveniant
694 3129 736 3193 ad
752 3127 948 3210 impresiam.
965 3124 1002 3190 Si
1018 3146 1093 3188 vero
1120 3126 1206 3188 inter
1231 3127 1317 3207 ipsos
1344 3122 1508 3186 dissensio

370 3237 403 3296 et
429 3231 577 3298 simultas
602 3235 711 3300 adhuc
735 3236 875 3318 vigeret:
917 3235 1074 3312 volumus,
1111 3239 1148 3297 ut
1173 3232 1303 3314 prefato
1330 3230 1444 3294 Duche
1471 3234 1510 3293 et

372 3341 523 3406 similiter
542 3341 663 3408 Oomiti
679 3343 860 3422 Vladislao,
886 3343 930 3406 ad
947 3364 1043 3424 quem
1060 3363 1132 3405 cnm
1148 3341 1270 3406 nostris
1296 3337 1508 3404 credentiali-

371 3448 431 3526 bus
447 3447 565 3514 litteris
581 3457 613 3514 te
632 3450 807 3530 conferres,
833 3449 924 3512 dicas
940 3449 1070 3512 nomine
1086 3453 1199 3512 nostro
1226 3453 1260 3510 et
1285 3443 1508 3528 respondeas:

371 3555 507 3620 dissidia
528 3579 585 3622 sua
602 3558 703 3623 fuisse
720 3579 852 3622 causam
869 3556 1081 3620 maximarum
1098 3554 1241 3619 cladium
1268 3559 1300 3617 et
1327 3552 1509 3616 desolatio-

370 3684 448 3727 num
464 3662 599 3728 dominii
625 3687 735 3730 eorum
762 3672 793 3729 et
819 3687 872 3729 eos
899 3685 1010 3728 omnes
1036 3663 1078 3726 ad
1108 3667 1289 3726 extremum
1320 3659 1508 3743 pericnlum

371 3771 563 3838 conduxisse
579 3773 750 3837 amittendi
765 3793 828 3835 uno
845 3777 1007 3836 momento
1030 3775 1153 3836 statum
1185 3776 1218 3834 et
1242 3789 1401 3852 personas
1426 3766 1509 3830 irre·

372 3881 614 3963 cuperabiliter,
640 3881 704 3945 nisi
721 3877 873 3946 Summus
889 3879 980 3944 Deus
1006 3885 1114 3944 noster
1138 3899 1196 3961 per
1221 3877 1291 3960 ejus
1316 3874 1508 3940 inefabilcm

372 3989 577 4054 clementiam
593 3989 746 4053 misertus
765 4009 884 4066 eorum,
905 3987 979 4051 illos
994 3986 1183 4065 liberasset,
1208 3988 1384 4067 propterea
1409 3982 1510 4064 depo·

372 4118 451 4162 nere
466 4099 567 4162 velint
584 4119 712 4162 omnem
729 4117 898 4161 rancorem
915 4102 947 4158 et
965 4095 1126 4160 Dominus
1143 4094 1263 4158 Ducha
1282 4092 1419 4155 inducat
1435 4091 1507 4154 ani·
1556 4095 1562 4098 ’

372 4227 460 4269 mum
477 4205 695 4288 amplectendi
706 4204 867 4270 Comitem
886 4204 1111 4286 supradictum
1132 4204 1258 4266 sincera
1273 4207 1414 4283 paterna
1425 4198 1511 4264 eari-

371 4320 448 4377 tate.
466 4311 582 4378 (lomes
598 4321 706 4378 autem
726 4314 795 4396 ipse
821 4336 854 4378 se
879 4312 971 4376 filiali
997 4332 1105 4376 amore
1131 4317 1164 4374 et
1190 4309 1400 4374 observantia
1428 4329 1510 4390 erga

372 4425 501 4503 patrem
518 4442 551 4484 se
568 4421 714 4502 inclinet,
732 4427 765 4486 et
782 4425 919 4502 sumpta,
944 4423 1044 4502 prout
1068 4417 1166 4482 fuerit
1183 4439 1273 4500 opus,
1301 4415 1457 4498 diligenti
1474 4421 1510 4478 et

373 4526 565 4614 particulari
584 4527 814 4597 informatione
833 4525 1093 4596 differentiarum
1109 4545 1241 4594 suarum
1266 4528 1298 4588 et
1323 4544 1510 4606 causarum,
