<?xml version="1.0" encoding="UTF-8"?>
<!DOCTYPE html PUBLIC "-//W3C//DTD XHTML 1.0 Transitional//EN"
    "http://www.w3.org/TR/xhtml1/DTD/xhtml1-transitional.dtd">
<html xmlns="http://www.w3.org/1999/xhtml" xml:lang="en" lang="en">
 <head>
  <title>
</title>
<meta http-equiv="Content-Type" content="text/html;charset=utf-8" />
  <meta name='ocr-system' content='tesseract 3.04.00' />
  <meta name='ocr-capabilities' content='ocr_page ocr_carea ocr_par ocr_line ocrx_word'/>
</head>
<body>
  <div class='ocr_page' id='page_1' title='image "./magyardiplomacz01mattgoog_0166.png"; bbox 0 0 3268 5308; ppageno 0'>
   <div class='ocr_carea' id='block_1_1' title="bbox 342 318 1111 385">
    <p class='ocr_par' dir='ltr' id='par_1_1' title="bbox 342 318 1111 385">
     <span class='ocr_line' id='line_1_1' title="bbox 342 318 1111 385; baseline -0.013 0"><span class='ocrx_word' id='word_1_1' title='bbox 342 327 403 385; x_wconf 84' lang='grc'>136</span> <span class='ocrx_word' id='word_1_2' title='bbox 696 338 928 383; x_wconf 73' lang='lat' dir='ltr'>uiruonuczmr</span> <span class='ocrx_word' id='word_1_3' title='bbox 947 318 1111 378; x_wconf 56' lang='lat' dir='ltr'>aurinand.</span> 
     </span>
    </p>
   </div>
   <div class='ocr_carea' id='block_1_2' title="bbox 339 490 1468 580">
    <p class='ocr_par' dir='ltr' id='par_1_2' title="bbox 339 490 1468 580">
     <span class='ocr_line' id='line_1_2' title="bbox 339 490 1468 580; baseline -0.009 -16"><span class='ocrx_word' id='word_1_4' title='bbox 339 500 442 564; x_wconf 86' lang='lat' dir='ltr'>latere</span> <span class='ocrx_word' id='word_1_5' title='bbox 459 504 514 563; x_wconf 90' lang='lat' dir='ltr'>tuo</span> <span class='ocrx_word' id='word_1_6' title='bbox 532 498 572 561; x_wconf 88' lang='lat' dir='ltr'>de</span> <span class='ocrx_word' id='word_1_7' title='bbox 589 497 802 580; x_wconf 86' lang='lat' dir='ltr'>possibilibus</span> <span class='ocrx_word' id='word_1_8' title='bbox 820 497 983 562; x_wconf 83' lang='lat' dir='ltr'>ommittas</span> <span class='ocrx_word' id='word_1_9' title='bbox 1003 515 1061 577; x_wconf 86' lang='lat' dir='ltr'>pro</span> <span class='ocrx_word' id='word_1_10' title='bbox 1078 493 1186 558; x_wconf 85' lang='lat' dir='ltr'>votiva</span> <span class='ocrx_word' id='word_1_11' title='bbox 1212 490 1417 557; x_wconf 81' lang='lat' dir='ltr'>conclusione</span> <span class='ocrx_word' id='word_1_12' title='bbox 1431 491 1468 555; x_wconf 86' lang='lat' dir='ltr'>is·</span> 
     </span>
    </p>
   </div>
   <div class='ocr_carea' id='block_1_3' title="bbox 344 597 1591 694">
    <p class='ocr_par' dir='ltr' id='par_1_3' title="bbox 344 597 1591 694">
     <span class='ocr_line' id='line_1_3' title="bbox 344 597 1591 694; baseline -0.006 -21"><span class='ocrx_word' id='word_1_13' title='bbox 344 611 409 674; x_wconf 89' lang='lat' dir='ltr'>tius</span> <span class='ocrx_word' id='word_1_14' title='bbox 430 609 487 688; x_wconf 88' lang='lat' dir='ltr'>rei,</span> <span class='ocrx_word' id='word_1_15' title='bbox 504 605 777 694; x_wconf 37' lang='lat' dir='ltr'>quam-habemus</span> <span class='ocrx_word' id='word_1_16' title='bbox 797 604 890 670; x_wconf 89' lang='lat' dir='ltr'>valde</span> <span class='ocrx_word' id='word_1_17' title='bbox 916 604 1044 668; x_wconf 88' lang='lat' dir='ltr'>insitam</span> <span class='ocrx_word' id='word_1_18' title='bbox 1072 597 1161 666; x_wconf 89' lang='lat' dir='ltr'>cordi</span> <span class='ocrx_word' id='word_1_19' title='bbox 1186 604 1310 678; x_wconf 88' lang='lat' dir='ltr'>nostro,</span> <span class='ocrx_word' id='word_1_20' title='bbox 1327 599 1468 666; x_wconf 85' lang='lat' dir='ltr'>studeas·</span> <span class='ocrx_word' id='word_1_21' title='bbox 1585 652 1591 666; x_wconf 77' lang='grc'>,</span> 
     </span>
    </p>
   </div>
   <div class='ocr_carea' id='block_1_4' title="bbox 347 705 1552 1012">
    <p class='ocr_par' dir='ltr' id='par_1_4' title="bbox 347 705 1552 1012">
     <span class='ocr_line' id='line_1_4' title="bbox 349 705 1469 800; baseline -0.01 -18"><span class='ocrx_word' id='word_1_22' title='bbox 349 740 421 800; x_wconf 90' lang='lat' dir='ltr'>que,</span> <span class='ocrx_word' id='word_1_23' title='bbox 442 716 530 800; x_wconf 92' lang='lat' dir='ltr'>quod</span> <span class='ocrx_word' id='word_1_24' title='bbox 546 715 714 781; x_wconf 78' lang='lat' dir='ltr'>Sanctitas</span> <span class='ocrx_word' id='word_1_25' title='bbox 731 714 799 780; x_wconf 82' lang='lat' dir='ltr'>Sua</span> <span class='ocrx_word' id='word_1_26' title='bbox 814 713 933 778; x_wconf 87' lang='lat' dir='ltr'>litteris</span> <span class='ocrx_word' id='word_1_27' title='bbox 948 711 1068 777; x_wconf 88' lang='lat' dir='ltr'>nostris</span> <span class='ocrx_word' id='word_1_28' title='bbox 1084 706 1288 791; x_wconf 77' lang='lat' dir='ltr'>respondeat,</span> <span class='ocrx_word' id='word_1_29' title='bbox 1304 713 1337 772; x_wconf 90' lang='lat' dir='ltr'>et</span> <span class='ocrx_word' id='word_1_30' title='bbox 1353 705 1394 772; x_wconf 90' lang='lat' dir='ltr'>de</span> <span class='ocrx_word' id='word_1_31' title='bbox 1409 728 1469 771; x_wconf 89' lang='lat' dir='ltr'>om·</span> 
     </span>
     <span class='ocr_line' id='line_1_5' title="bbox 347 815 1552 907; baseline -0.004 -19"><span class='ocrx_word' id='word_1_32' title='bbox 347 825 442 890; x_wconf 87' lang='lat' dir='ltr'>nibus</span> <span class='ocrx_word' id='word_1_33' title='bbox 458 846 556 907; x_wconf 89' lang='lat' dir='ltr'>quam</span> <span class='ocrx_word' id='word_1_34' title='bbox 572 822 739 888; x_wconf 82' lang='lat' dir='ltr'>celerrime</span> <span class='ocrx_word' id='word_1_35' title='bbox 754 820 871 886; x_wconf 89' lang='lat' dir='ltr'>reddes</span> <span class='ocrx_word' id='word_1_36' title='bbox 887 842 946 884; x_wconf 90' lang='lat' dir='ltr'>nos</span> <span class='ocrx_word' id='word_1_37' title='bbox 966 820 1066 884; x_wconf 88' lang='lat' dir='ltr'>ctiam</span> <span class='ocrx_word' id='word_1_38' title='bbox 1085 817 1152 883; x_wconf 85' lang='lat' dir='ltr'>tuis</span> <span class='ocrx_word' id='word_1_39' title='bbox 1168 816 1288 882; x_wconf 85' lang='lat' dir='ltr'>litteris</span> <span class='ocrx_word' id='word_1_40' title='bbox 1309 815 1470 880; x_wconf 88' lang='lat' dir='ltr'>certiores.</span> <span class='ocrx_word' id='word_1_41' title='bbox 1549 879 1552 883; x_wconf 86' lang='lat'>.</span> 
     </span>
     <span class='ocr_line' id='line_1_6' title="bbox 453 930 953 1012; baseline -0.008 -17"><span class='ocrx_word' id='word_1_42' title='bbox 453 930 494 1012; x_wconf 55' lang='grc' dir='ltr'>ΔΓ</span> <span class='ocrx_word' id='word_1_43' title='bbox 544 933 606 994; x_wconf 77' lang='lat'>142</span> <span class='ocrx_word' id='word_1_44' title='bbox 654 970 697 979; x_wconf 91' lang='lat'>-</span> <span class='ocrx_word' id='word_1_45' title='bbox 745 935 764 994; x_wconf 89' lang='lat' dir='ltr'>c</span> <span class='ocrx_word' id='word_1_46' title='bbox 812 965 854 974; x_wconf 89' lang='lat'>-</span> <span class='ocrx_word' id='word_1_47' title='bbox 904 933 953 992; x_wconf 87' lang='lat' dir='ltr'>rc.</span> 
     </span>
    </p>
   </div>
   <div class='ocr_carea' id='block_1_5' title="bbox 455 1091 885 1153">
    <p class='ocr_par' dir='ltr' id='par_1_5' title="bbox 455 1091 885 1153">
     <span class='ocr_line' id='line_1_7' title="bbox 455 1091 885 1153; baseline -0.007 -11"><span class='ocrx_word' id='word_1_48' title='bbox 455 1091 611 1153; x_wconf 86' lang='lat' dir='ltr'>(Velenczei</span> <span class='ocrx_word' id='word_1_49' title='bbox 626 1093 709 1141; x_wconf 70' lang='lat' dir='ltr'>sillem</span> <span class='ocrx_word' id='word_1_50' title='bbox 723 1091 779 1140; x_wconf 71' lang='lat' dir='ltr'>lter</span> <span class='ocrx_word' id='word_1_51' title='bbox 794 1096 835 1140; x_wconf 84' lang='lat'>88.</span> <span class='ocrx_word' id='word_1_52' title='bbox 856 1091 885 1150; x_wconf 85' lang='lat' dir='ltr'>l.)</span> 
     </span>
    </p>
   </div>
   <div class='ocr_carea' id='block_1_6' title="bbox 884 1529 935 1585">
    <p class='ocr_par' dir='ltr' id='par_1_6' title="bbox 884 1529 935 1585">
     <span class='ocr_line' id='line_1_8' title="bbox 884 1529 935 1585; baseline -0.02 0"><span class='ocrx_word' id='word_1_53' title='bbox 884 1529 935 1585; x_wconf 86' lang='grc'>86.</span> 
     </span>
    </p>
   </div>
   <div class='ocr_carea' id='block_1_7' title="bbox 351 1678 1587 1766">
    <p class='ocr_par' dir='ltr' id='par_1_7' title="bbox 351 1678 1587 1766">
     <span class='ocr_line' id='line_1_9' title="bbox 351 1678 1587 1766; baseline -0.008 -19"><span class='ocrx_word' id='word_1_54' title='bbox 351 1688 444 1752; x_wconf 79' lang='grc'><em>1462.</em></span> <span class='ocrx_word' id='word_1_55' title='bbox 479 1687 505 1751; x_wconf 85' lang='grc' dir='ltr'><em>Α</em></span> <span class='ocrx_word' id='word_1_56' title='bbox 524 1684 675 1750; x_wconf 81' lang='lat' dir='ltr'>colcnczci</span> <span class='ocrx_word' id='word_1_57' title='bbox 691 1685 909 1750; x_wconf 79' lang='lat' dir='ltr'>dllumtoodcs</span> <span class='ocrx_word' id='word_1_58' title='bbox 929 1682 1078 1750; x_wconf 81' lang='lat' dir='ltr'>Thomusi</span> <span class='ocrx_word' id='word_1_59' title='bbox 1095 1681 1189 1745; x_wconf 78' lang='lat' dir='ltr'>Pe&#39;tcr·</span> <span class='ocrx_word' id='word_1_60' title='bbox 1206 1678 1473 1766; x_wconf 69' lang='lat' dir='ltr'>maqyororsadyi</span> <span class='ocrx_word' id='word_1_61' title='bbox 1583 1687 1587 1694; x_wconf 91' lang='grc'><strong><em>’</em></strong></span> 
     </span>
    </p>
   </div>
   <div class='ocr_carea' id='block_1_8' title="bbox 350 1789 1474 2093">
    <p class='ocr_par' dir='ltr' id='par_1_8' title="bbox 350 1789 1474 2093">
     <span class='ocr_line' id='line_1_10' title="bbox 350 1789 1474 1879; baseline -0.007 -23"><span class='ocrx_word' id='word_1_62' title='bbox 350 1795 467 1858; x_wconf 71' lang='lat' dir='ltr'>luceret</span> <span class='ocrx_word' id='word_1_63' title='bbox 484 1793 653 1879; x_wconf 79' lang='lat' dir='ltr'>tuddaitjo,</span> <span class='ocrx_word' id='word_1_64' title='bbox 670 1795 750 1879; x_wconf 70' lang='lat' dir='ltr'>kopp</span> <span class='ocrx_word' id='word_1_65' title='bbox 767 1819 788 1856; x_wconf 88' lang='lat' dir='ltr'>c</span> <span class='ocrx_word' id='word_1_66' title='bbox 804 1793 848 1856; x_wconf 82' lang='lat' dir='ltr'>tia</span> <span class='ocrx_word' id='word_1_67' title='bbox 864 1815 932 1855; x_wconf 78' lang='lat' dir='ltr'>ezer</span> <span class='ocrx_word' id='word_1_68' title='bbox 948 1813 1059 1876; x_wconf 77' lang='lat' dir='ltr'>aroop</span> <span class='ocrx_word' id='word_1_69' title='bbox 1075 1789 1231 1876; x_wconf 70' lang='lat' dir='ltr'>seyc&#39;lybdl</span> <span class='ocrx_word' id='word_1_70' title='bbox 1248 1790 1363 1854; x_wconf 79' lang='lat' dir='ltr'>ledrom</span> <span class='ocrx_word' id='word_1_71' title='bbox 1381 1797 1474 1850; x_wconf 76' lang='lat' dir='ltr'>ecerat</span> 
     </span>
     <span class='ocr_line' id='line_1_11' title="bbox 364 1895 1445 2002; baseline -0.003 -38"><span class='ocrx_word' id='word_1_72' title='bbox 364 1925 385 1964; x_wconf 85' lang='lat' dir='ltr'>o</span> <span class='ocrx_word' id='word_1_73' title='bbox 392 1902 517 1984; x_wconf 69' lang='lat' dir='ltr'>judoci</span> <span class='ocrx_word' id='word_1_74' title='bbox 534 1902 749 1987; x_wconf 74' lang='lat' dir='ltr'>lcorusdnqzdlc</span> <span class='ocrx_word' id='word_1_75' title='bbox 765 1903 861 2002; x_wconf 77' lang='lat' dir='ltr'>utjrio</span> <span class='ocrx_word' id='word_1_76' title='bbox 877 1900 971 1963; x_wconf 64' lang='lat' dir='ltr'>tulus·</span> <span class='ocrx_word' id='word_1_77' title='bbox 987 1924 1002 1962; x_wconf 82' lang='lat' dir='ltr'>s</span> <span class='ocrx_word' id='word_1_78' title='bbox 1019 1923 1040 1961; x_wconf 88' lang='lat' dir='ltr'>a</span> <span class='ocrx_word' id='word_1_79' title='bbox 1057 1898 1152 1962; x_wconf 75' lang='lat' dir='ltr'>rehtu</span> <span class='ocrx_word' id='word_1_80' title='bbox 1169 1900 1197 1962; x_wconf 81' lang='lat' dir='ltr'>is</span> <span class='ocrx_word' id='word_1_81' title='bbox 1218 1895 1445 1962; x_wconf 70' lang='lat' dir='ltr'>midomorribb</span> 
     </span>
     <span class='ocr_line' id='line_1_12' title="bbox 765 2005 1049 2093; baseline 0 -23"><span class='ocrx_word' id='word_1_82' title='bbox 765 2008 887 2093; x_wconf 77' lang='lat' dir='ltr'>elfoqja</span> <span class='ocrx_word' id='word_1_83' title='bbox 905 2005 1049 2072; x_wconf 76' lang='lat' dir='ltr'>lcitldeui.</span> 
     </span>
    </p>
   </div>
   <div class='ocr_carea' id='block_1_9' title="bbox 345 2199 1475 2510">
    <p class='ocr_par' dir='ltr' id='par_1_9' title="bbox 345 2199 1475 2510">
     <span class='ocr_line' id='line_1_13' title="bbox 346 2199 958 2284; baseline -0.01 -16"><span class='ocrx_word' id='word_1_84' title='bbox 346 2201 621 2268; x_wconf 83' lang='lat' dir='ltr'>MCOCCLXII.</span> <span class='ocrx_word' id='word_1_85' title='bbox 638 2201 690 2265; x_wconf 92' lang='lat' dir='ltr'>die</span> <span class='ocrx_word' id='word_1_86' title='bbox 707 2200 849 2266; x_wconf 86' lang='lat' dir='ltr'>XVIII.</span> <span class='ocrx_word' id='word_1_87' title='bbox 866 2199 958 2284; x_wconf 83' lang='lat' dir='ltr'>Maij.</span> 
     </span>
     <span class='ocr_line' id='line_1_14' title="bbox 454 2303 1475 2394; baseline -0.005 -19"><span class='ocrx_word' id='word_1_88' title='bbox 454 2310 697 2394; x_wconf 84' lang='lat' dir='ltr'>Circumspectc</span> <span class='ocrx_word' id='word_1_89' title='bbox 715 2316 747 2374; x_wconf 90' lang='lat' dir='ltr'>et</span> <span class='ocrx_word' id='word_1_90' title='bbox 763 2309 912 2394; x_wconf 76' lang='lat' dir='ltr'>Sapienti</span> <span class='ocrx_word' id='word_1_91' title='bbox 929 2303 1011 2376; x_wconf 90' lang='lat' dir='ltr'>Viro</span> <span class='ocrx_word' id='word_1_92' title='bbox 1027 2309 1129 2374; x_wconf 91' lang='lat' dir='ltr'>Petro</span> <span class='ocrx_word' id='word_1_93' title='bbox 1155 2307 1341 2388; x_wconf 81' lang='lat' dir='ltr'>Thomasio,</span> <span class='ocrx_word' id='word_1_94' title='bbox 1367 2307 1475 2374; x_wconf 82' lang='lat' dir='ltr'>Secre-</span> 
     </span>
     <span class='ocr_line' id='line_1_15' title="bbox 345 2418 969 2510; baseline -0.003 -28"><span class='ocrx_word' id='word_1_95' title='bbox 345 2419 430 2483; x_wconf 87' lang='lat' dir='ltr'>tario</span> <span class='ocrx_word' id='word_1_96' title='bbox 447 2425 557 2484; x_wconf 88' lang='lat' dir='ltr'>nostro</span> <span class='ocrx_word' id='word_1_97' title='bbox 575 2418 773 2502; x_wconf 85' lang='lat' dir='ltr'>inpartibus</span> <span class='ocrx_word' id='word_1_98' title='bbox 791 2418 969 2510; x_wconf 80' lang='lat' dir='ltr'>Hungarie.</span> 
     </span>
    </p>
   </div>
   <div class='ocr_carea' id='block_1_10' title="bbox 346 2515 1474 2629">
    <p class='ocr_par' dir='ltr' id='par_1_10' title="bbox 346 2515 1474 2629">
     <span class='ocr_line' id='line_1_16' title="bbox 346 2515 1474 2629; baseline -0.001 -24"><span class='ocrx_word' id='word_1_99' title='bbox 346 2525 517 2606; x_wconf 62' lang='lat' dir='ltr'>Sapientes</span> <span class='ocrx_word' id='word_1_100' title='bbox 536 2524 669 2610; x_wconf 69' lang='lat' dir='ltr'>O0¹¹Sllll</span> <span class='ocrx_word' id='word_1_101' title='bbox 691 2533 722 2594; x_wconf 65' lang='lat' dir='ltr'>el</span> <span class='ocrx_word' id='word_1_102' title='bbox 797 2515 939 2609; x_wconf 51' lang='lat' dir='ltr'>³Pctre!</span> <span class='ocrx_word' id='word_1_103' title='bbox 971 2543 1151 2626; x_wconf 89' lang='lat' dir='ltr'>Postquam</span> <span class='ocrx_word' id='word_1_104' title='bbox 1182 2542 1241 2608; x_wconf 90' lang='lat' dir='ltr'>sub</span> <span class='ocrx_word' id='word_1_105' title='bbox 1273 2541 1325 2629; x_wconf 84' lang='lat' dir='ltr'>die</span> <span class='ocrx_word' id='word_1_106' title='bbox 1361 2540 1474 2624; x_wconf 89' lang='lat' dir='ltr'>quinto</span> 
     </span>
    </p>
   </div>
   <div class='ocr_carea' id='block_1_11' title="bbox 344 2753 1478 3706">
    <p class='ocr_par' dir='ltr' id='par_1_11' title="bbox 344 2753 1478 3706">
     <span class='ocr_line' id='line_1_17' title="bbox 347 2753 1476 2844; baseline -0.004 -21"><span class='ocrx_word' id='word_1_107' title='bbox 347 2758 543 2841; x_wconf 76' lang='lat' dir='ltr'>scripsimus,</span> <span class='ocrx_word' id='word_1_108' title='bbox 570 2764 727 2844; x_wconf 82' lang='lat' dir='ltr'>quantum</span> <span class='ocrx_word' id='word_1_109' title='bbox 744 2758 881 2824; x_wconf 86' lang='lat' dir='ltr'>haberes</span> <span class='ocrx_word' id='word_1_110' title='bbox 898 2779 1056 2842; x_wconf 86' lang='lat' dir='ltr'>exponere</span> <span class='ocrx_word' id='word_1_111' title='bbox 1076 2757 1180 2842; x_wconf 82' lang='lat' dir='ltr'>Regie</span> <span class='ocrx_word' id='word_1_112' title='bbox 1196 2753 1367 2841; x_wconf 85' lang='lat' dir='ltr'>Majestati</span> <span class='ocrx_word' id='word_1_113' title='bbox 1384 2755 1476 2820; x_wconf 90' lang='lat' dir='ltr'>Hun-</span> 
     </span>
     <span class='ocr_line' id='line_1_18' title="bbox 344 2865 1475 2950; baseline 0 -21"><span class='ocrx_word' id='word_1_114' title='bbox 344 2867 444 2948; x_wconf 85' lang='lat' dir='ltr'>garie,</span> <span class='ocrx_word' id='word_1_115' title='bbox 471 2867 707 2950; x_wconf 87' lang='lat' dir='ltr'>presertimque</span> <span class='ocrx_word' id='word_1_116' title='bbox 724 2868 812 2931; x_wconf 86' lang='lat' dir='ltr'>circa</span> <span class='ocrx_word' id='word_1_117' title='bbox 828 2867 1013 2932; x_wconf 86' lang='lat' dir='ltr'>missionem</span> <span class='ocrx_word' id='word_1_118' title='bbox 1033 2866 1076 2931; x_wconf 91' lang='lat' dir='ltr'>ad</span> <span class='ocrx_word' id='word_1_119' title='bbox 1102 2865 1176 2931; x_wconf 87' lang='lat' dir='ltr'>illas</span> <span class='ocrx_word' id='word_1_120' title='bbox 1202 2871 1314 2948; x_wconf 86' lang='lat' dir='ltr'>partes</span> <span class='ocrx_word' id='word_1_121' title='bbox 1341 2865 1475 2930; x_wconf 83' lang='lat' dir='ltr'>ducatos</span> 
     </span>
     <span class='ocr_line' id='line_1_19' title="bbox 346 2973 1476 3059; baseline -0.001 -21"><span class='ocrx_word' id='word_1_122' title='bbox 346 2973 384 3037; x_wconf 92' lang='lat' dir='ltr'>X</span> <span class='ocrx_word' id='word_1_123' title='bbox 400 2974 489 3039; x_wconf 91' lang='lat' dir='ltr'>mille</span> <span class='ocrx_word' id='word_1_124' title='bbox 506 2981 538 3039; x_wconf 89' lang='lat' dir='ltr'>et</span> <span class='ocrx_word' id='word_1_125' title='bbox 553 2981 613 3040; x_wconf 89' lang='lat' dir='ltr'>ect.</span> <span class='ocrx_word' id='word_1_126' title='bbox 631 2974 821 3059; x_wconf 81' lang='lat' dir='ltr'>diligentem</span> <span class='ocrx_word' id='word_1_127' title='bbox 846 2981 880 3040; x_wconf 88' lang='lat' dir='ltr'>ct</span> <span class='ocrx_word' id='word_1_128' title='bbox 904 2975 1085 3041; x_wconf 89' lang='lat' dir='ltr'>studiosam</span> <span class='ocrx_word' id='word_1_129' title='bbox 1110 2995 1242 3057; x_wconf 88' lang='lat' dir='ltr'>operam</span> <span class='ocrx_word' id='word_1_130' title='bbox 1266 2973 1476 3038; x_wconf 88' lang='lat' dir='ltr'>adhibuimus</span> 
     </span>
     <span class='ocr_line' id='line_1_20' title="bbox 346 3082 1477 3167; baseline 0.002 -23"><span class='ocrx_word' id='word_1_131' title='bbox 346 3082 432 3145; x_wconf 90' lang='lat' dir='ltr'>circa</span> <span class='ocrx_word' id='word_1_132' title='bbox 448 3082 571 3164; x_wconf 87' lang='lat' dir='ltr'>modos,</span> <span class='ocrx_word' id='word_1_133' title='bbox 597 3083 716 3167; x_wconf 88' lang='lat' dir='ltr'>quibus</span> <span class='ocrx_word' id='word_1_134' title='bbox 732 3090 803 3150; x_wconf 87' lang='lat' dir='ltr'>tute</span> <span class='ocrx_word' id='word_1_135' title='bbox 820 3089 852 3148; x_wconf 86' lang='lat' dir='ltr'>et</span> <span class='ocrx_word' id='word_1_136' title='bbox 868 3089 962 3149; x_wconf 90' lang='lat' dir='ltr'>caute</span> <span class='ocrx_word' id='word_1_137' title='bbox 977 3084 1039 3148; x_wconf 85' lang='lat' dir='ltr'>istc</span> <span class='ocrx_word' id='word_1_138' title='bbox 1064 3084 1198 3165; x_wconf 87' lang='lat' dir='ltr'>pecunie</span> <span class='ocrx_word' id='word_1_139' title='bbox 1224 3083 1311 3147; x_wconf 87' lang='lat' dir='ltr'>mitti</span> <span class='ocrx_word' id='word_1_140' title='bbox 1335 3087 1477 3166; x_wconf 88' lang='lat' dir='ltr'>possent,</span> 
     </span>
     <span class='ocr_line' id='line_1_21' title="bbox 345 3189 1477 3273; baseline 0.002 -19"><span class='ocrx_word' id='word_1_141' title='bbox 345 3189 542 3273; x_wconf 88' lang='lat' dir='ltr'>tandemque</span> <span class='ocrx_word' id='word_1_142' title='bbox 559 3213 599 3256; x_wconf 87' lang='lat' dir='ltr'>cx</span> <span class='ocrx_word' id='word_1_143' title='bbox 623 3190 875 3258; x_wconf 86' lang='lat' dir='ltr'>difficultatibus</span> <span class='ocrx_word' id='word_1_144' title='bbox 891 3191 1105 3260; x_wconf 85' lang='lat' dir='ltr'>diversimode</span> <span class='ocrx_word' id='word_1_145' title='bbox 1131 3189 1377 3256; x_wconf 86' lang='lat' dir='ltr'>occurrentibus</span> <span class='ocrx_word' id='word_1_146' title='bbox 1406 3190 1477 3256; x_wconf 92' lang='lat' dir='ltr'>nul·</span> 
     </span>
     <span class='ocr_line' id='line_1_22' title="bbox 345 3297 1476 3382; baseline 0.004 -22"><span class='ocrx_word' id='word_1_147' title='bbox 345 3297 412 3362; x_wconf 88' lang='lat' dir='ltr'>lam</span> <span class='ocrx_word' id='word_1_148' title='bbox 432 3298 531 3364; x_wconf 90' lang='lat' dir='ltr'>aliam</span> <span class='ocrx_word' id='word_1_149' title='bbox 556 3300 732 3381; x_wconf 90' lang='lat' dir='ltr'>meliorem,</span> <span class='ocrx_word' id='word_1_150' title='bbox 758 3301 978 3382; x_wconf 85' lang='lat' dir='ltr'>tutioremque</span> <span class='ocrx_word' id='word_1_151' title='bbox 1003 3301 1089 3364; x_wconf 87' lang='lat' dir='ltr'>viam</span> <span class='ocrx_word' id='word_1_152' title='bbox 1114 3298 1268 3381; x_wconf 86' lang='lat' dir='ltr'>videmus,</span> <span class='ocrx_word' id='word_1_153' title='bbox 1294 3320 1392 3382; x_wconf 88' lang='lat' dir='ltr'>quam</span> <span class='ocrx_word' id='word_1_154' title='bbox 1416 3320 1476 3381; x_wconf 89' lang='lat' dir='ltr'>pro</span> 
     </span>
     <span class='ocr_line' id='line_1_23' title="bbox 346 3406 1478 3474; baseline 0.002 -4"><span class='ocrx_word' id='word_1_155' title='bbox 346 3427 431 3470; x_wconf 90' lang='lat' dir='ltr'>nunc</span> <span class='ocrx_word' id='word_1_156' title='bbox 446 3409 575 3473; x_wconf 85' lang='lat' dir='ltr'>mittere</span> <span class='ocrx_word' id='word_1_157' title='bbox 591 3409 635 3473; x_wconf 92' lang='lat' dir='ltr'>ad</span> <span class='ocrx_word' id='word_1_158' title='bbox 660 3429 773 3473; x_wconf 86' lang='lat' dir='ltr'>manus</span> <span class='ocrx_word' id='word_1_159' title='bbox 789 3407 968 3472; x_wconf 73' lang='lat' dir='ltr'>Raetorum</span> <span class='ocrx_word' id='word_1_160' title='bbox 994 3412 1179 3472; x_wconf 89' lang='lat' dir='ltr'>nostrorum</span> <span class='ocrx_word' id='word_1_161' title='bbox 1204 3407 1311 3472; x_wconf 87' lang='lat' dir='ltr'>Jadre</span> <span class='ocrx_word' id='word_1_162' title='bbox 1336 3406 1478 3474; x_wconf 86' lang='lat' dir='ltr'>florenos</span> 
     </span>
     <span class='ocr_line' id='line_1_24' title="bbox 346 3513 1477 3597; baseline 0.004 -21"><span class='ocrx_word' id='word_1_163' title='bbox 346 3513 513 3594; x_wconf 78' lang='lat' dir='ltr'>hungaros</span> <span class='ocrx_word' id='word_1_164' title='bbox 544 3522 610 3579; x_wconf 89' lang='lat' dir='ltr'>tres</span> <span class='ocrx_word' id='word_1_165' title='bbox 634 3516 734 3597; x_wconf 88' lang='lat' dir='ltr'>mille,</span> <span class='ocrx_word' id='word_1_166' title='bbox 775 3521 813 3580; x_wconf 92' lang='lat' dir='ltr'>ut</span> <span class='ocrx_word' id='word_1_167' title='bbox 838 3516 964 3582; x_wconf 89' lang='lat' dir='ltr'>occulte</span> <span class='ocrx_word' id='word_1_168' title='bbox 1005 3514 1073 3579; x_wconf 93' lang='lat' dir='ltr'>illic</span> <span class='ocrx_word' id='word_1_169' title='bbox 1109 3519 1293 3596; x_wconf 83' lang='lat' dir='ltr'>teneantur,</span> <span class='ocrx_word' id='word_1_170' title='bbox 1333 3515 1378 3580; x_wconf 90' lang='lat' dir='ltr'>ad</span> <span class='ocrx_word' id='word_1_171' title='bbox 1411 3535 1477 3579; x_wconf 88' lang='lat' dir='ltr'>om-</span> 
     </span>
     <span class='ocr_line' id='line_1_25' title="bbox 346 3621 1478 3706; baseline 0.004 -23"><span class='ocrx_word' id='word_1_172' title='bbox 346 3641 420 3684; x_wconf 90' lang='lat' dir='ltr'>nem</span> <span class='ocrx_word' id='word_1_173' title='bbox 450 3621 696 3704; x_wconf 89' lang='lat' dir='ltr'>requisitionem</span> <span class='ocrx_word' id='word_1_174' title='bbox 723 3621 839 3706; x_wconf 87' lang='lat' dir='ltr'>Nuntij</span> <span class='ocrx_word' id='word_1_175' title='bbox 866 3621 985 3706; x_wconf 78' lang='lat' dir='ltr'>prelati</span> <span class='ocrx_word' id='word_1_176' title='bbox 1011 3622 1216 3688; x_wconf 84' lang='lat' dir='ltr'>Serenissimi</span> <span class='ocrx_word' id='word_1_177' title='bbox 1241 3621 1363 3706; x_wconf 84' lang='lat' dir='ltr'>Regis3</span> <span class='ocrx_word' id='word_1_178' title='bbox 1397 3644 1478 3706; x_wconf 89' lang='lat' dir='ltr'>qua·</span> 
     </span>
    </p>
   </div>
   <div class='ocr_carea' id='block_1_12' title="bbox 234 3724 1474 3814">
    <p class='ocr_par' dir='ltr' id='par_1_12' title="bbox 234 3724 1474 3814">
     <span class='ocr_line' id='line_1_26' title="bbox 234 3724 1474 3814; baseline 0.006 -25"><span class='ocrx_word' id='word_1_179' title='bbox 234 3734 237 3740; x_wconf 84' lang='grc'><strong>“</strong></span> <span class='ocrx_word' id='word_1_180' title='bbox 346 3724 490 3790; x_wconf 88' lang='lat' dir='ltr'>mobrem</span> <span class='ocrx_word' id='word_1_181' title='bbox 517 3727 662 3794; x_wconf 88' lang='lat' dir='ltr'>volumus</span> <span class='ocrx_word' id='word_1_182' title='bbox 695 3735 728 3794; x_wconf 90' lang='lat' dir='ltr'>et</span> <span class='ocrx_word' id='word_1_183' title='bbox 759 3731 951 3796; x_wconf 89' lang='lat' dir='ltr'>mandamus</span> <span class='ocrx_word' id='word_1_184' title='bbox 985 3730 1056 3810; x_wconf 89' lang='lat' dir='ltr'>tibi,</span> <span class='ocrx_word' id='word_1_185' title='bbox 1071 3729 1159 3814; x_wconf 89' lang='lat' dir='ltr'>quod</span> <span class='ocrx_word' id='word_1_186' title='bbox 1184 3731 1234 3795; x_wconf 88' lang='lat' dir='ltr'>hie</span> <span class='ocrx_word' id='word_1_187' title='bbox 1252 3729 1385 3810; x_wconf 87' lang='lat' dir='ltr'>habitis,</span> <span class='ocrx_word' id='word_1_188' title='bbox 1417 3729 1474 3798; x_wconf 86' lang='lat' dir='ltr'>des</span> 
     </span>
    </p>
   </div>
   <div class='ocr_carea' id='block_1_13' title="bbox 345 3836 1481 4568">
    <p class='ocr_par' dir='ltr' id='par_1_13' title="bbox 345 3836 1481 4568">
     <span class='ocr_line' id='line_1_27' title="bbox 346 3836 1476 3921; baseline 0.004 -22"><span class='ocrx_word' id='word_1_189' title='bbox 346 3855 478 3916; x_wconf 86' lang='lat' dir='ltr'>operam</span> <span class='ocrx_word' id='word_1_190' title='bbox 505 3836 646 3902; x_wconf 89' lang='lat' dir='ltr'>adeundi</span> <span class='ocrx_word' id='word_1_191' title='bbox 670 3839 868 3921; x_wconf 87' lang='lat' dir='ltr'>presentiam</span> <span class='ocrx_word' id='word_1_192' title='bbox 885 3837 1072 3920; x_wconf 88' lang='lat' dir='ltr'>Majcstatis</span> <span class='ocrx_word' id='word_1_193' title='bbox 1097 3837 1170 3920; x_wconf 84' lang='lat' dir='ltr'>Sue,</span> <span class='ocrx_word' id='word_1_194' title='bbox 1197 3837 1378 3904; x_wconf 88' lang='lat' dir='ltr'>nuntiando</span> <span class='ocrx_word' id='word_1_195' title='bbox 1405 3838 1476 3920; x_wconf 87' lang='lat' dir='ltr'>sibi,</span> 
     </span>
     <span class='ocr_line' id='line_1_28' title="bbox 346 3944 1475 4027; baseline 0.004 -20"><span class='ocrx_word' id='word_1_196' title='bbox 346 3945 449 4008; x_wconf 89' lang='lat' dir='ltr'>nostri</span> <span class='ocrx_word' id='word_1_197' title='bbox 490 3951 583 4026; x_wconf 88' lang='lat' dir='ltr'>parte</span> <span class='ocrx_word' id='word_1_198' title='bbox 624 3965 693 4008; x_wconf 90' lang='lat' dir='ltr'>rem</span> <span class='ocrx_word' id='word_1_199' title='bbox 718 3947 824 4027; x_wconf 81' lang='lat' dir='ltr'>Istam,</span> <span class='ocrx_word' id='word_1_200' title='bbox 858 3944 1011 4026; x_wconf 89' lang='lat' dir='ltr'>quodque</span> <span class='ocrx_word' id='word_1_201' title='bbox 1036 3944 1203 4011; x_wconf 82' lang='lat' dir='ltr'>Serenitas</span> <span class='ocrx_word' id='word_1_202' title='bbox 1244 3945 1313 4013; x_wconf 82' lang='lat' dir='ltr'>Sua</span> <span class='ocrx_word' id='word_1_203' title='bbox 1342 3947 1475 4012; x_wconf 90' lang='lat' dir='ltr'>mittere</span> 
     </span>
     <span class='ocr_line' id='line_1_29' title="bbox 345 4049 1480 4135; baseline 0.003 -19"><span class='ocrx_word' id='word_1_204' title='bbox 345 4056 452 4134; x_wconf 88' lang='lat' dir='ltr'>potest</span> <span class='ocrx_word' id='word_1_205' title='bbox 493 4053 729 4135; x_wconf 85' lang='lat' dir='ltr'>quamprimum</span> <span class='ocrx_word' id='word_1_206' title='bbox 771 4049 796 4116; x_wconf 89' lang='lat' dir='ltr'>J</span> <span class='ocrx_word' id='word_1_207' title='bbox 798 4051 912 4115; x_wconf 87' lang='lat' dir='ltr'>adram</span> <span class='ocrx_word' id='word_1_208' title='bbox 954 4072 1025 4115; x_wconf 92' lang='lat' dir='ltr'>cum</span> <span class='ocrx_word' id='word_1_209' title='bbox 1066 4052 1185 4118; x_wconf 86' lang='lat' dir='ltr'>litteris</span> <span class='ocrx_word' id='word_1_210' title='bbox 1211 4055 1276 4118; x_wconf 85' lang='lat' dir='ltr'>suis</span> <span class='ocrx_word' id='word_1_211' title='bbox 1303 4053 1395 4118; x_wconf 86' lang='lat' dir='ltr'>illam</span> <span class='ocrx_word' id='word_1_212' title='bbox 1428 4053 1480 4119; x_wconf 88' lang='lat' dir='ltr'>vel</span> 
     </span>
     <span class='ocr_line' id='line_1_30' title="bbox 346 4159 1479 4242; baseline 0.004 -20"><span class='ocrx_word' id='word_1_213' title='bbox 346 4159 419 4224; x_wconf 87' lang='lat' dir='ltr'>illas</span> <span class='ocrx_word' id='word_1_214' title='bbox 455 4181 613 4242; x_wconf 87' lang='lat' dir='ltr'>personas</span> <span class='ocrx_word' id='word_1_215' title='bbox 645 4159 727 4225; x_wconf 85' lang='lat' dir='ltr'>fidas</span> <span class='ocrx_word' id='word_1_216' title='bbox 759 4165 791 4224; x_wconf 89' lang='lat' dir='ltr'>et</span> <span class='ocrx_word' id='word_1_217' title='bbox 826 4165 978 4239; x_wconf 83' lang='lat' dir='ltr'>secretas,</span> <span class='ocrx_word' id='word_1_218' title='bbox 1013 4181 1076 4242; x_wconf 87' lang='lat' dir='ltr'>que</span> <span class='ocrx_word' id='word_1_219' title='bbox 1107 4161 1169 4226; x_wconf 89' lang='lat' dir='ltr'>sihi</span> <span class='ocrx_word' id='word_1_220' title='bbox 1200 4161 1406 4242; x_wconf 82' lang='lat' dir='ltr'>videbuntur,</span> <span class='ocrx_word' id='word_1_221' title='bbox 1436 4161 1479 4226; x_wconf 88' lang='lat' dir='ltr'>ad</span> 
     </span>
     <span class='ocr_line' id='line_1_31' title="bbox 347 4267 1481 4352; baseline 0.01 -21"><span class='ocrx_word' id='word_1_222' title='bbox 347 4267 569 4350; x_wconf 88' lang='lat' dir='ltr'>accipiendum</span> <span class='ocrx_word' id='word_1_223' title='bbox 585 4268 740 4348; x_wconf 89' lang='lat' dir='ltr'>pecunias</span> <span class='ocrx_word' id='word_1_224' title='bbox 755 4269 852 4350; x_wconf 89' lang='lat' dir='ltr'>ipsas.</span> <span class='ocrx_word' id='word_1_225' title='bbox 878 4267 990 4349; x_wconf 90' lang='lat' dir='ltr'>thue</span> <span class='ocrx_word' id='word_1_226' title='bbox 1006 4289 1059 4332; x_wconf 88' lang='lat' dir='ltr'>res</span> <span class='ocrx_word' id='word_1_227' title='bbox 1085 4269 1148 4333; x_wconf 89' lang='lat' dir='ltr'>ista</span> <span class='ocrx_word' id='word_1_228' title='bbox 1171 4268 1285 4336; x_wconf 88' lang='lat' dir='ltr'>melius</span> <span class='ocrx_word' id='word_1_229' title='bbox 1310 4271 1481 4352; x_wconf 77' lang='lat' dir='ltr'>procedat,</span> 
     </span>
     <span class='ocr_line' id='line_1_32' title="bbox 346 4374 1477 4462; baseline 0.006 -25"><span class='ocrx_word' id='word_1_230' title='bbox 346 4376 504 4439; x_wconf 89' lang='lat' dir='ltr'>mittimus</span> <span class='ocrx_word' id='word_1_231' title='bbox 520 4374 581 4439; x_wconf 87' lang='lat' dir='ltr'>tibi</span> <span class='ocrx_word' id='word_1_232' title='bbox 606 4375 810 4455; x_wconf 85' lang='lat' dir='ltr'>presentibus</span> <span class='ocrx_word' id='word_1_233' title='bbox 826 4375 968 4440; x_wconf 86' lang='lat' dir='ltr'>inclusos</span> <span class='ocrx_word' id='word_1_234' title='bbox 985 4375 1066 4440; x_wconf 90' lang='lat' dir='ltr'>duos</span> <span class='ocrx_word' id='word_1_235' title='bbox 1082 4383 1247 4459; x_wconf 82' lang='lat' dir='ltr'>grossetos</span> <span class='ocrx_word' id='word_1_236' title='bbox 1273 4379 1390 4443; x_wconf 88' lang='lat' dir='ltr'>incisos</span> <span class='ocrx_word' id='word_1_237' title='bbox 1418 4401 1477 4462; x_wconf 89' lang='lat' dir='ltr'>pro</span> 
     </span>
     <span class='ocr_line' id='line_1_33' title="bbox 346 4482 1479 4568; baseline 0.007 -24"><span class='ocrx_word' id='word_1_238' title='bbox 346 4484 563 4566; x_wconf 83' lang='lat' dir='ltr'>contrasigno,</span> <span class='ocrx_word' id='word_1_239' title='bbox 581 4504 716 4568; x_wconf 87' lang='lat' dir='ltr'>quorum</span> <span class='ocrx_word' id='word_1_240' title='bbox 733 4482 862 4568; x_wconf 89' lang='lat' dir='ltr'>quidem</span> <span class='ocrx_word' id='word_1_241' title='bbox 879 4489 1100 4567; x_wconf 86' lang='lat' dir='ltr'>grossetorum</span> <span class='ocrx_word' id='word_1_242' title='bbox 1122 4492 1235 4566; x_wconf 86' lang='lat' dir='ltr'>partes</span> <span class='ocrx_word' id='word_1_243' title='bbox 1261 4486 1380 4551; x_wconf 87' lang='lat' dir='ltr'>incisas</span> <span class='ocrx_word' id='word_1_244' title='bbox 1396 4485 1421 4550; x_wconf 86' lang='lat' dir='ltr'><strong>J</strong></span> <span class='ocrx_word' id='word_1_245' title='bbox 1423 4487 1479 4552; x_wconf 87' lang='lat' dir='ltr'>ad-</span> 
     </span>
    </p>
   </div>
   <div class='ocr_carea' id='block_1_14' title="bbox 0 0 1643 5300">
    <p class='ocr_par' dir='ltr' id='par_1_14' title="bbox 0 0 1643 5300">
     <span class='ocr_line' id='line_1_34' title="bbox 0 0 1643 5300; baseline 0 0"><span class='ocrx_word' id='word_1_246' title='bbox 0 0 1643 5300; x_wconf 95' lang='lat' dir='ltr'> </span> 
     </span>
    </p>
   </div>
  </div>
 </body>
</html>
