3256 5304
360 329 424 403 224
714 360 945 404 previouscznu
962 332 1129 402 sursum.

465 516 650 582 Habuimus
667 520 824 601 proximis
841 519 953 584 diebus
965 519 1092 582 litteras
1104 523 1231 580 vestras
1245 515 1340 580 datas
1352 514 1494 582 XVIII.

358 631 390 689 et
407 624 565 693 XVHII.
580 626 663 691 Julii
678 649 779 710 prope
796 629 933 708 decursi,
951 627 1068 709 quibus
1084 626 1171 688 inter
1186 625 1253 689 alia
1263 625 1411 692 novimus
1426 645 1496 690 res·

356 754 494 814 pensum
512 734 602 797 vobis
620 733 731 798 datum
748 756 806 818 per
824 735 1072 800 Serenissimum
1099 733 1224 816 Regem
1240 735 1274 797 in
1291 733 1380 798 facto
1397 733 1494 798 intel·

357 841 490 922 ligent-ie
507 865 614 907 secum
636 844 795 923 habende,
811 866 870 927 pro
888 865 952 926 qua
977 843 1091 908 diebus
1117 842 1338 924 superioribus
1367 842 1408 906 ad
1434 863 1495 906 vos

357 950 599 1032 scripseramus,
615 951 780 1016 videlicet:
809 952 895 1035 quod
913 951 1075 1034 blajcstas
1093 948 1162 1015 Sua
1177 955 1332 1014 contenta
1349 955 1433 1014 esset
1448 950 1495 1014 ad

355 1056 461 1141 ipsam
477 1059 729 1141 intelligentiam
747 1059 907 1142 devenire,
926 1059 1100 1124 dummodo
1117 1080 1176 1140 per
1191 1080 1250 1123 nos
1270 1059 1334 1123 sibi
1361 1057 1495 1123 exhibe-

356 1172 469 1230 rentur
485 1165 611 1230 favores
636 1175 750 1234 contra
777 1168 929 1246 Torcum,
956 1175 990 1232 et
1015 1167 1252 1250 respondentes
1278 1188 1351 1230 cum
1378 1173 1494 1231 nostro

357 1273 501 1340 Consilio
517 1274 732 1360 Rogatorum,
749 1278 885 1343 dicimus
903 1299 971 1342 esse
987 1277 1107 1341 mentis
1123 1281 1242 1354 nostre,
1260 1275 1345 1357 quod
1358 1278 1494 1358 captato

358 1390 513 1468 ternpore,
530 1388 602 1452 sitis
619 1410 690 1452 cum
708 1388 893 1455 Serenitate
911 1386 986 1466 Sua,
1004 1385 1141 1451 dicendo
1167 1387 1248 1451 sibi:
1276 1385 1364 1468 quod
1391 1385 1495 1450 credi-

357 1513 429 1557 mus
456 1516 518 1560 non
536 1518 617 1580 opus
644 1499 674 1562 ei
700 1498 796 1563 aliter
820 1497 1014 1580 patefacere,
1040 1501 1195 1577 quantum
1221 1495 1398 1577 Majestati
1425 1492 1493 1558 Sue

356 1600 465 1666 affecti
497 1625 617 1683 sumuS,
634 1611 849 1688 optamusque
867 1627 994 1669 omnem
1015 1604 1084 1686 ejus
1101 1603 1305 1686 splendorem
1322 1608 1356 1666 et
1375 1601 1492 1684 ampli-

356 1708 500 1775 tudinem
519 1713 569 1774 sui
586 1718 701 1795 status,
717 1713 916 1796 superfluum
937 1732 1066 1796 quoque
1084 1733 1152 1776 esse
1176 1717 1325 1775 tenemus
1351 1731 1490 1774 1111111,

359 1836 498 1898 morare,
515 1825 670 1899 quantum
684 1817 715 1884 S.
729 1818 806 1898 Sua,
823 1819 938 1901 suique
949 1817 1185 1901 progenitores
1207 1839 1391 1900 acregnum
1402 1818 1493 1881 istud

358 1944 483 2005 semper
500 1923 763 1990 christianissimi
784 1925 915 2007 luerint,
942 1932 975 1989 et
1000 1931 1115 1990 contra
1140 1925 1267 1989 hostem
1292 1924 1379 2003 fidei,
1406 1924 1491 1988 nihil

355 2051 506 2112 umquam
524 2031 564 2096 de
581 2033 790 2115 possibilibus
807 2035 1086 2117 pretermiserunt,
1097 2040 1211 2098 contra
1228 2053 1326 2115 quem
1344 2032 1492 2116 perfidis·

355 2139 470 2203 simum
490 2140 625 2220 hostem,
643 2143 669 2204 si
687 2164 830 2225 unquam
845 2148 970 2225 tempus
986 2140 1057 2222 fuit,
1074 2147 1110 2205 ut
1126 2140 1389 2206 Christianorum
1407 2141 1492 2206 vires

355 2248 582 2330 excitarentur,
598 2248 632 2312 id
644 2254 730 2313 certe
741 2251 772 2313 iu
785 2251 1020 2333 presentiarum
1032 2255 1089 2314 est.
1101 2248 1248 2313 Attentis
1260 2249 1410 2312 maximis
1421 2271 1492 2313 suc-

356 2356 502 2420 cessibus
519 2358 585 2420 suis
602 2363 669 2422 tam
686 2359 720 2422 in
733 2356 879 2439 Bossiua,
897 2377 995 2438 quam
1014 2357 1091 2422 alibi
1102 2357 1134 2420 in
1146 2378 1252 2440 grave,
1268 2355 1492 2420 manifestum-

356 2485 418 2545 que
459 2464 636 2545 periculum
669 2462 941 2530 Christianitatis.
988 2461 1059 2528 Nos
1094 2465 1205 2547 itaque
1236 2463 1493 2546 considerantes,

355 2571 510 2651 quicquid
526 2569 646 2636 dudum
664 2594 683 2636 a
699 2580 795 2656 parte
815 2573 914 2638 maris
940 2573 1141 2638 tenuerimus
1169 2571 1306 2638 classem
1333 2579 1490 2652 nostram,

354 2675 570 2742 utefrenatos
590 2679 730 2762 impetus
757 2702 830 2745 suos
859 2702 897 2745 ex
922 2679 981 2744 illa
1007 2687 1100 2764 parte
1127 2681 1398 2768 continueremus,
1425 2701 1490 2743 uon

354 2787 425 2849 sine
442 2786 532 2866 gravi
549 2793 663 2851 nostra
678 2787 834 2870 impensa,
861 2788 1110 2853 deliberavimus
1136 2793 1247 2852 tamen
1272 2787 1306 2850 in
1331 2787 1490 2851 honorem

354 2893 477 2959 Summi
494 2893 662 2959 Creatoris
679 2895 792 2970 nostri,
820 2895 860 2959 de
881 2896 972 2979 cujus
997 2897 1062 2959 iam
1087 2896 1205 2978 agitur,
1230 2895 1318 2959 ultra
1338 2895 1490 2959 triremes

353 3000 581 3084 quadraginta,
599 3022 679 3084 quas
694 3004 839 3069 misimus
856 3003 898 3068 ad
915 3009 1024 3086 partes
1051 3001 1203 3084 Amoree,
1231 3003 1362 3068 mittere
1389 3003 1490 3066 etiam

354 3111 393 3174 de
420 3109 570 3191 gentibus
597 3112 766 3194 armigeris
793 3118 826 3176 et
850 3113 1016 3196 peditibus
1041 3113 1163 3177 nostris
1192 3112 1318 3177 Italicis
1343 3113 1376 3175 iu
1402 3111 1489 3175 bono

353 3239 496 3299 numero,
513 3240 575 3302 quc
592 3219 633 3282 ad
647 3227 759 3302 partes
775 3221 850 3286 illas
864 3221 932 3304 jam
949 3221 1143 3304 applicuisse
1155 3220 1283 3302 debent,
1294 3223 1350 3300 ita,
1367 3227 1401 3284 ut
1413 3242 1490 3284 cum

353 3325 534 3389 hominibus
549 3326 730 3391 triremium
747 3335 940 3410 nostrarum,
951 3334 984 3392 et
994 3329 1068 3392 aliis
1085 3328 1217 3409 viribus,
1234 3350 1314 3411 quas
1331 3329 1487 3393 extorris

352 3433 473 3498 uostris
490 3432 845 3517 colligere'statuimus
860 3435 1006 3499 babituri
1032 3437 1131 3499 simus
1158 3443 1274 3500 contra
1299 3438 1385 3500 hunc
1411 3437 1484 3498 hos-

351 3548 416 3605 tem
442 3541 530 3605 ultra
555 3542 693 3625 triginta
718 3544 823 3608 millia
848 3543 1045 3624 bellatores;
1071 3544 1271 3609 decrevimus
1303 3565 1410 3608 secum
1442 3544 1485 3607 ad

352 3655 503 3731 apertum
519 3649 640 3714 bellum
657 3649 817 3732 devenire,
834 3656 866 3714 et
887 3650 970 3714 nihil
997 3653 1180 3715 ommittere
1207 3674 1266 3736 pro
1292 3653 1488 3716 exterminio

352 3779 419 3838 suo,
444 3779 584 3840 vereque
611 3758 723 3823 dicere
746 3779 916 3841 possumus
942 3759 1106 3841 ingressos
1132 3782 1190 3824 nos
1217 3781 1287 3824 esse
1313 3781 1489 3844 expresens

352 3873 577 3932 sexcentorum
603 3867 740 3930 millium
767 3867 958 3930 ducatorum
983 3868 1018 3930 in
1046 3869 1141 3932 anno.
1183 3867 1308 3932 Notum
1324 3875 1490 3950 ‚preterea

351 3973 476 4038 facietis
510 3972 542 4038 S.
584 3971 649 4038 Sue
690 3971 884 4036 Pontificem
924 3972 1104 4036 Maximum
1136 3975 1266 4038 omniuo
1306 3975 1487 4040 decrevisse

351 4103 402 4145 res
435 4081 534 4144 italie
566 4102 713 4164 paccare,
754 4081 804 4144 vel
835 4102 893 4162 per
923 4101 1037 4162 pacem
1069 4081 1119 4145 vel
1153 4104 1211 4164 per
1246 4083 1363 4166 longas
1397 4090 1484 4148 treu-

351 4209 443 4270 guas,
475 4193 508 4250 et
549 4209 646 4269 agere
678 4188 804 4253 cunctis
845 4187 968 4252 viribus
1010 4193 1124 4252 contra
1149 4190 1276 4254 hostem
1302 4197 1335 4254 et
1361 4190 1403 4256 ad
1444 4190 1477 4254 id

350 4296 455 4378 ipsum
473 4303 505 4360 et
522 4298 663 4360 excitare
680 4302 712 4361 et
729 4317 858 4360 movere
876 4296 1038 4377 potentias
1055 4297 1164 4363 Italie.
1189 4295 1245 4362 Ad
1270 4299 1356 4362 hanc
1380 4321 1482 4381 usque

351 4403 434 4467 diem
464 4403 621 4468 Oratores
647 4404 866 4467 illustrissimi
892 4400 1024 4466 Domini
1052 4401 1155 4469 Ducis
1181 4406 1373 4486 Burgundie
1398 4407 1489 4470 missi

351 4511 391 4574 ob
416 4512 499 4574 hanc
531 4511 633 4575 sclam
660 4533 790 4576 causam
818 4511 860 4576 ad
879 4511 1064 4575 Romanum
1082 4512 1273 4577 Pontificem
1294 4515 1488 4596 applicuisse
