3256 5304
680 736 751 798 156.

145 896 241 959 1463.
276 895 305 959 Α
334 895 485 961 volouczei
517 899 736 963 (illuminandos
771 899 900 960 odlaczu
926 898 1040 962 Istvda
1065 909 1150 963 ssent
1175 899 1279 963 sebbki

132 1003 309 1088 feiedelem
327 1006 495 1069 bdoeldoelo
512 1031 533 1071 a
551 1009 663 1072 diodor
679 1005 863 1092 prirtfoqdo,
890 1030 910 1070 a
920 1007 1027 1088 fide-ol
1044 1006 1118 1069 ould
1138 1007 1276 1092 viezrtly,

479 1119 580 1176 sorde
597 1114 725 1200 eppedelr
743 1114 936 1198 ldrqydbnn.

144 1305 440 1373 MOCOOLXIII.
458 1309 510 1375 die
528 1307 666 1377 XVIII.
683 1307 886 1375 Novembris.

255 1413 353 1498 Quod
379 1417 421 1482 ed
437 1418 584 1500 capitula
601 1439 660 1500 per
677 1415 833 1482 Oratores
851 1415 1072 1482 Illustrissimi
1089 1417 1191 1482 Ducis
1209 1417 1277 1484 Ste-

145 1523 247 1606 phani
259 1520 379 1590 Sancte
390 1523 473 1591 Save
489 1533 602 1592 nostro
618 1525 760 1592 dominio
777 1525 1188 1609 porrectarespoudeatur:
1204 1525 1276 1592 Nos

144 1629 353 1709 intellexisse,
380 1653 442 1714 que
467 1633 596 1699 nomine
621 1632 840 1698 Illustrissimi
866 1631 997 1696 Domini
1015 1630 1074 1698 Sui
1098 1634 1279 1717 prudenter

145 1743 375 1824 exposuerunt,
401 1739 607 1806 Excellentie
623 1743 715 1826 cujus
732 1741 857 1822 gratias
874 1740 1001 1822 agimus
1019 1740 1059 1805 de
1075 1741 1278 1810 salutationi·

144 1849 216 1931 bus,
233 1848 452 1914 oblationibus
469 1855 501 1913 et
517 1849 611 1914 donis
628 1851 702 1916 suis.
829 1881 835 1887 ·

230 1991 233 1996 ·
258 1954 312 2020 Ad
339 1963 465 2039 partem
483 1978 558 2022 vero
576 1957 710 2023 subsidii
727 1979 786 2040 pro
803 1959 1050 2040 recuperatione
1068 1965 1173 2024 status
1191 1960 1241 2023 sui
1260 1980 1279 2020 a

145 2063 281 2130 Turcho
298 2064 358 2129 sibi
377 2065 516 2149 abrepti,
547 2064 651 2148 deque
668 2066 755 2130 illius
773 2065 1008 2130 sustentatione
1024 2065 1171 2149 dicimus,
1189 2066 1276 2148 quod

146 2179 296 2236 amentes
322 2172 556 2239 Excellentiam
585 2172 694 2253 Suam,
719 2180 877 2256 tanquam
904 2172 1023 2238 bouum
1049 2174 1190 2254 fratrem,
1217 2176 1278 2239 etsi

147 2279 422 2362 quemadmodum
438 2281 621 2364 intelligere
637 2289 756 2366 potest,
774 2304 831 2366 pro
850 2282 992 2366 pondere
1009 2289 1043 2346 et
1054 2281 1278 2365 magnitudine

146 2387 226 2452 belli
243 2387 397 2454 adversus
408 2387 548 2455 'l'uroum
567 2398 655 2455 terra
672 2393 817 2472 marique
835 2391 974 2472 suscepti
988 2390 1277 2473 magnisimpensis

146 2496 288 2561 involuti
312 2518 437 2562 sumus:
472 2504 589 2578 tamen,
616 2506 651 2562 ut
678 2498 841 2580 intelligat
867 2517 1009 2563 amorem
1036 2504 1181 2562 nostrum
1202 2518 1280 2580 erga
1337 2567 1339 2570 ,

146 2601 383 2669 Excellentiam
411 2602 526 2686 Suam,
548 2627 657 2670 sumus
683 2606 824 2670 contenti
841 2604 1035 2672 Rectoribus
1063 2606 1182 2670 nostris
1199 2603 1280 2670 Dal-

146 2711 250 2776 matia
275 2713 440 2796 mandare,
466 2714 552 2795 quod
578 2714 639 2778 sibi
656 2735 778 2780 morem
796 2719 920 2796 gerant,
947 2713 1039 2796 eique
1055 2714 1095 2779 de
1110 2713 1176 2778 illis
1192 2712 1281 2796 pedi·

146 2817 248 2899 tibus,
265 2841 345 2902 quos
361 2819 427 2884 illis
444 2821 478 2884 in
495 2821 642 2902 partibus
659 2821 824 2900 habemus,
841 2821 1018 2887 inserviant
1033 2843 1093 2905 pro
1111 2842 1281 2904 recupera·

146 2928 240 2992 tione
267 2934 371 2992 status
398 2929 448 2992 sui
466 2924 513 3015 [et
528 2928 590 2992 hoc
607 2929 690 2993 idem
709 2929 847 2993 dicimus
865 2926 905 2993 de
922 2929 996 2994 aliis
1013 2927 1174 3012 gentibue,
1199 2949 1280 3010 quas

146 3033 194 3100 ad
219 3035 305 3118 ipsas
331 3036 480 3100 civitates
497 3043 530 3100 et
545 3035 617 3101 loca
633 3043 746 3100 nostra
763 3057 872 3099 sumus
889 3037 1028 3115 missuri,
1054 3034 1141 3118 quod
1158 3035 1199 3100 ad
1216 3056 1280 3099 om·

145 3163 224 3207 uem
241 3141 444 3208 Excellentie
461 3141 525 3208 Sue
541 3144 785 3225 requisitionem
802 3143 851 3207 illi
868 3143 1054 3223 inserviant,
1079 3162 1138 3225 pro
1155 3163 1281 3207 conser-

146 3249 278 3314 vatione
303 3255 408 3314 status
434 3246 506 3335 sui]
540 3248 707 3333 Quantum
724 3271 801 3315 vero
817 3251 937 3315 attinet
952 3249 994 3314 ad
1010 3251 1097 3314 illius
1114 3271 1282 3315 conserva-

146 3359 272 3423 tionem
284 3357 487 3424 infuturum:
505 3357 649 3442 dicimus,
667 3357 754 3440 quod
767 3358 1046 3424 considerantibus
1056 3358 1150 3424 nobis
1160 3357 1280 3424 bellum

145 3487 237 3532 anno
253 3466 361 3531 futuro
379 3466 487 3530 'lurco
505 3465 708 3531 inferendum
724 3489 763 3532 ex
779 3468 929 3550 partibus
940 3466 1123 3550 Huogarie,
1139 3462 1283 3531 Albanio

144 3582 182 3641 et
216 3573 337 3640 Grecie
363 3598 382 3640 a
416 3573 549 3640 Summo
576 3574 745 3656 Pontifioe‚
771 3575 1063 3658 illustrissimoque
1089 3573 1281 3658 Burgundio

145 3685 253 3764 Duce,
271 3702 342 3746 oum
359 3683 475 3764 quibus
492 3681 618 3764 phedus
635 3687 668 3746 et
684 3683 873 3747 societatem
891 3683 1042 3746 inivimus
1059 3687 1092 3746 et
1108 3703 1127 3746 a
1144 3681 1239 3746 nobis
1251 3687 1283 3745 et

149 3789 375 3873 compluribus
399 3791 473 3853 aliis
491 3786 690 3855 Christianis
707 3788 928 3872 potentatibus
954 3795 986 3852 et
1011 3795 1102 3853 trans
1118 3786 1283 3870 Kalipolis

148 3899 323 3982 angustias
349 3904 453 3962 certos
480 3917 538 3961 nos
564 3895 740 3976 reddimus,
765 3896 852 3980 quod
877 3895 917 3960 de
944 3899 1033 3960 statu
1055 3916 1113 3960 suo
1131 3893 1283 3960 dubitare

149 4026 219 4072 nou
236 4003 377 4069 habebit.
403 4001 528 4070 Verum
550 4009 656 4069 certus
673 4005 736 4068 erit
752 4004 791 4069 de
809 4004 1017 4086 adipiscendo
1035 4051 1136 4068 .....
1154 4001 1284 4082 inimici,

146 4111 364 4178 nihilomiuus
391 4111 563 4176 amedera
590 4110 747 4177 solamine
775 4111 991 4191 declarantes
1019 4110 1105 4192 quod
1131 4111 1163 4173 in
1181 4110 1285 4192 ipsam

150 4220 392 4304 expeditionem
419 4219 504 4284 idem
530 4217 683 4285 Summus
709 4218 872 4300 Pontifex,
897 4216 1143 4284 Illustrissimus
1159 4215 1237 4282 Dux
1254 4223 1286 4280 et

149 4349 212 4392 nos
238 4349 298 4412 pro
324 4330 507 4394 reverentia
523 4328 586 4392 Dei
613 4333 646 4391 et
671 4325 858 4392 defensione
885 4326 1021 4392 catolice
1037 4323 1112 4388 fidei
1129 4324 1284 4389 adversus

151 4437 257 4502 crucis
282 4436 450 4500 inimicum
475 4437 601 4519 magnis
627 4434 844 4518 apparatibus
869 4441 901 4498 et
927 4435 1048 4498 viribus
1065 4432 1283 4516 personaliter

152 4543 352 4609 accedemus.
