3314 5300
340 362 402 424 349
690 381 925 425 nmuonaonmr
944 368 1110 426 innomine.

447 540 551 624 (Mint
567 539 713 623 fennebb,
730 540 871 620 hirenen,
891 540 975 624 hogy
993 565 1012 604 a
1029 541 1149 606 moreai
1167 549 1200 606 es
1216 563 1235 604 a
1251 542 1392 606 bosaniai
1410 541 1464 605 ko-

337 650 501 714 vetelesek
517 671 557 714 ne
574 649 801 715 omlitessenek
818 650 861 714 fel
873 649 1030 715 Veloneze
1046 651 1193 730 reszerr'il,
1209 650 1326 715 hanem
1343 673 1363 714 a
1379 656 1464 714 tord-

337 759 401 823 kok
417 758 573 842 tegyenek
590 759 744 822 reszletes
762 757 843 824 beke
859 759 1035 842 ajanlatot;
1060 758 1232 844 tovabba):
1258 758 1461 824 declaramus

338 868 436 931 etiam
452 867 513 949 ipsi
524 864 549 930 J
551 867 662 949 coebo,
678 867 766 950 quod
783 868 859 949 quia
876 889 984 932 sumus
1001 874 1034 932 et
1050 888 1178 952 semper
1190 889 1258 932 esso
1269 867 1466 932 intendimus

338 976 399 1040 sibi
417 976 539 1039 sineere
554 975 673 1056 affecti,
690 976 791 1058 siper
808 996 940 1059 operam
957 999 1050 1041 suam
1067 976 1225 1043 conducet
1240 977 1324 1042 hanc
1339 997 1465 1060 pacem,

338 1085 371 1147 in
397 1085 691 1148 remunerationem
716 1081 876 1148 bonorum
908 1105 1052 1167 operum,
1085 1091 1117 1150 et
1142 1085 1290 1151 laborum
1322 1103 1465 1166 suornm,

338 1191 440 1257 libere
457 1191 519 1257 sibi
536 1192 729 1258 donabimus
745 1192 880 1258 ducatos
898 1193 934 1257 X
951 1195 1089 1260 millium
1106 1202 1139 1259 et
1155 1199 1213 1260 ect.

358 1377 361 1384 Δ
448 1301 565 1366 Eidem
591 1307 700 1366 autem
725 1301 852 1368 Jacobo
878 1303 951 1368 (lari
976 1304 1114 1370 debeant
1139 1304 1172 1367 in
1201 1303 1262 1368 hoo
1279 1324 1336 1367 suo
1354 1323 1467 1390 recesn

343 1410 454 1474 ducati
471 1414 600 1473 centum
616 1431 674 1491 pro
692 1410 758 1473 suis
775 1411 933 1492 expensis,

449 1516 490 1601 †
539 1522 580 1582 99
627 1553 671 1566 ·-
719 1522 735 1582 l
784 1555 827 1565 -
877 1523 903 1582 1.

450 1623 592 1709 Captum
617 1627 688 1690 heri
714 1625 778 1690 fuit
802 1629 835 1692 in
862 1629 1070 1711 responsione
1087 1627 1176 1693 facta
1191 1627 1323 1712 egregio
1340 1626 1473 1692 Jacobo

342 1733 381 1796 de
392 1734 495 1816 Bona,
512 1757 571 1799 nos
588 1756 658 1799 esse
675 1742 854 1817 contentos,
870 1743 907 1801 ut
922 1738 1255 1802 omniacemmunicet
1266 1759 1338 1801 cum
1349 1735 1474 1819 Bajulo

342 1847 453 1907 nostro
480 1842 781 1926 Constantinopolis
808 1843 883 1928 (Ser
899 1844 1131 1910 Bartholomeo
1147 1843 1348 1928 Barbadico)
1370 1850 1403 1908 et
1421 1849 1472 1906 at-

345 1951 446 2014 tentis
470 1953 650 2017 rationibus
677 1959 710 2018 et
734 1954 936 2035 respectibus
962 1955 993 2018 in
1021 1954 1215 2036 oppositum,
1246 1974 1303 2036 per
1333 1951 1473 2016 eundem

343 2057 368 2122 J
369 2057 506 2124 aeobum
535 2060 697 2143 allegatis,
722 2060 812 2126 vadit
827 2084 913 2144 pare,
940 2061 1027 2144 quod
1043 2061 1102 2126 hec
1117 2061 1278 2144 particula
1295 2061 1475 2124 communi-

344 2167 528 2232 caudicum
545 2169 665 2253 Bajulo
682 2169 867 2252 supradicto
885 2177 1053 2234 revocetur
1070 2176 1104 2235 et
1120 2175 1178 2234 eet.

451 2275 493 2360 ΔΓ
544 2282 605 2341 me
652 2316 695 2326 -
743 2283 760 2341 7
809 2315 852 2325 -
898 2282 927 2342 4.
1032 2320 1033 2323 a

452 2441 609 2501 (Velonczei
623 2441 803 2506 ullamktinyv
819 2448 877 2492 100.
892 2443 921 2504 l)

828 2640 988 2648 ———-.

876 2878 948 2940 212.

350 3046 444 3106 1465.
466 3043 495 3106 A
513 3041 666 3106 velcnczoi
683 3040 903 3104 attaminatos
919 3066 939 3104 a
959 3039 1259 3126 dlcpynrorszripbn
1277 3038 1403 3101 tutona
1416 3043 1481 3121 pri·

346 3151 407 3234 poi
439 3151 556 3214 tricaret
582 3175 603 3213 a
630 3169 772 3229 nrnpynr
802 3148 915 3234 loirdly
946 3147 1127 3212 kiivctcinelc
1159 3147 1247 3210 adott
1277 3146 1481 3224 odlaszdro'l,

348 3260 479 3324 tondhdct
490 3257 788 3343 idlapynrorszdpbn
806 3257 931 3320 trttdcu
948 3256 1114 3320 douete'nelc
1128 3255 1264 3319 Venerio
1277 3253 1480 3316 Ferencznek

618 3364 815 3428 elhalasztott
831 3364 952 3448 rrrjdrot
969 3365 1022 3427 stb.
1039 3363 1208 3447 tnddsitju.

350 3560 617 3632 nocconxr.
634 3561 685 3625 ne
702 3559 789 3624 nm
806 3559 899 3644 Juuj.

352 3671 573 3756 2ΟΟΠὸῙῙῙᾶΓῇ
728 3669 731 3742 1
833 3687 1025 3752 Reverendo
1051 3685 1191 3752 Domino
1218 3682 1481 3767 Archiepisoopo
1547 3723 1550 3729 ·

352 3781 520 3864 Sapientes
541 3777 678 3863 Ο01131111
729 3751 731 3822 i
781 3793 938 3874 Cretensi,
970 3795 1096 3876 Legato
1122 3793 1301 3875 apostolico
1325 3793 1358 3856 in
1385 3791 1484 3856 Hun-

352 3888 722 3993 ‚fij—diff?
779 3906 880 3986 geria.

459 4015 641 4080 Prudentia
665 4018 773 4077 vestra
799 4013 832 4076 in
858 4011 955 4076 rebus
973 4009 1131 4089 omnibns,
1161 4008 1305 4072 charitas
1322 4013 1354 4072 et
1370 4009 1481 4074 obser-

352 4127 462 4188 vantia
479 4126 510 4187 in
527 4123 671 4206 patriam
687 4127 828 4184 vestram
844 4141 903 4183 nos
920 4118 1084 4198 inducunt,
1116 4123 1152 4180 ut
1168 4117 1277 4181 oneris
1294 4115 1421 4199 aliquid
1437 4113 1482 4179 R.

353 4233 552 4297 Paternitati
574 4231 690 4297 Vestre
717 4231 931 4312 imponamus,
959 4226 1089 4309 qnando
1116 4246 1222 4306 causa,
1249 4228 1281 4288 et
1307 4223 1487 4290 necessitas

353 4341 558 4422 negotiorum
584 4338 617 4418 id
644 4338 752 4420 exigit.
786 4337 932 4400 Fuerunt
953 4335 995 4399 ad
1011 4335 1208 4416 presentiam
1225 4330 1372 4397 nostram
1389 4332 1430 4396 R.
1449 4335 1485 4398 in

355 4448 476 4512 christo
503 4448 605 4512 Pater
630 4447 791 4512 Dominus
818 4447 1000 4527 Episcopus
1028 4441 1416 4526 Quinque-Ecclesiarum
1451 4449 1486 4506 et

355 4555 465 4636 diega.
483 4554 644 4619 Dominus
662 4555 682 4619 J
685 4575 804 4620 oannes
822 4553 860 4619 de
877 4553 1023 4638 Rozgou,
1050 4553 1207 4620 Oratores
1226 4552 1321 4616 istius
1339 4548 1489 4616 Serenis·
