3256 5304
660 349 753 410 1463.
1184 420 1187 424 ¹
1210 353 1276 413 247

138 523 277 587 Bossine
303 529 336 587 et
361 524 423 587 sibi
451 525 491 588 ob
517 525 550 587 id
568 525 773 607 porrigamus
789 524 917 588 favores
935 531 1074 604 nostroe,
1105 545 1168 605 que
1187 525 1276 592 lama

141 653 207 695 non
234 631 296 694 suit
321 655 406 714 vera,
435 655 494 696 noc
519 623 593 712 est3'
612 633 710 695 immo
736 633 824 697 istud
842 655 916 696 cum
932 652 1051 714 magna
1068 633 1274 715 displicentia

139 739 335 822 audivimus,
361 742 416 823 qui
443 763 606 822 nunquam
635 741 860 823 aspiravimus
886 763 944 806 nec
962 743 1146 824 aspiramus
1163 741 1273 805 adres

137 847 231 927 illas3
256 848 314 912 sed
339 869 397 911 nos
422 855 576 928 tenemus,
603 848 691 931 quod
706 870 766 931 pro
783 851 898 933 majori
916 850 1123 933 reputatione
1141 871 1272 913 suarum

138 977 249 1020 rerum
267 956 456 1024 Vladislaus
478 957 548 1040 ipse
565 956 685 1021 famam
701 959 799 1021 istam
816 959 980 1041 sparserit,
1008 956 1195 1022 scribendas
1212 958 1272 1020 has

136 1070 270 1128 nostras
295 1065 339 1130 ad
354 1087 409 1130 vos
427 1065 585 1148 duximus,
612 1073 649 1130 ut
665 1087 787 1130 meram
805 1067 976 1131 veritatem
995 1065 1198 1147 intelligatis,
1223 1069 1272 1127 ut-

138 1192 205 1252 que
228 1175 257 1238 si
272 1173 357 1238 forte
374 1173 416 1237 ad
434 1196 529 1239 aures
546 1172 741 1239 Serenitatis
758 1173 861 1256 Regis
878 1173 1049 1256 Hungarie
1067 1194 1124 1237 seu
1140 1193 1272 1236 suorum

135 1280 227 1345 fama
248 1281 313 1346 ista
338 1282 546 1363 pervenisset,
571 1302 632 1363 que
650 1287 759 1364 posset
775 1303 845 1346 esse
861 1282 1000 1345 molesta
1017 1279 1188 1364 Majestati
1206 1279 1271 1345 Sue

135 1394 169 1452 et
181 1389 456 1471 quicquamvobis
471 1396 654 1472 promotum
672 1394 768 1471 esset,
785 1411 842 1453 seu
858 1387 985 1471 vulgari
1002 1387 1179 1452 sentiretis:
1199 1409 1271 1469 pos-

135 1497 209 1560 sitis
226 1497 322 1561 solita
339 1496 514 1581 prudentia
530 1503 639 1562 vestra
656 1495 839 1579 patefacere
855 1496 1035 1576 veritatem,
1052 1501 1085 1559 et
1100 1495 1167 1559 illis
1184 1493 1271 1558 utili-

136 1605 200 1670 bus
217 1613 250 1670 et
266 1605 487 1672 accomodatis
504 1605 618 1686 verbis,
636 1624 697 1688 que
714 1603 908 1670 videbuntur
924 1604 1024 1684 vebia,
1037 1602 1219 1688 justificare
1237 1611 1270 1666 et

134 1713 313 1779 honestare
339 1735 407 1778 rem
433 1715 538 1792 istam,
572 1715 655 1778 sicut
678 1712 760 1777 bene
785 1712 893 1776 facere
918 1712 1066 1794 poteritis
1094 1715 1126 1774 et
1151 1709 1268 1776 scietis

138 1820 415 1905 Quandoquidem
440 1824 544 1887 omnis
568 1822 709 1900 honoria,
737 1821 904 1903 omnisque
921 1818 1146 1900 amplitudinis
1163 1821 1269 1882 status

134 1930 334 1996 Serenitatis
349 1929 413 1995 Sue
430 1951 542 1994 revera
559 1950 623 1993 non
640 1929 755 2006 minus,
773 1949 871 2011 quam
887 1928 991 1991 nostri
1011 1925 1143 2009 proprii,
1161 1924 1270 2006 cupidi

131 2059 264 2121 semper
281 2044 399 2117 sumus,
425 2043 457 2101 et
473 2037 603 2119 quando
620 2037 745 2118 pridem
764 2035 924 2117 scripsisti
939 2034 1033 2098 nobis
1051 2031 1268 2097 Serenitatem

128 2146 236 2212 Suam
261 2145 459 2210 deliberasse
487 2142 657 2208 attendere
683 2144 726 2207 ad
743 2143 929 2226 impresiam
946 2140 1092 2222 Bossine,
1117 2161 1177 2203 nos
1193 2159 1266 2220 pro·

126 2255 218 2318 fecto
245 2253 283 2318 de
301 2250 362 2317 hoc
377 2253 552 2316 maximum
569 2251 725 2336 gaudium
741 2250 933 2331 habuimus;
958 2247 1114 2333 proximis
1131 2245 1181 2310 his
1200 2245 1266 2308 die-

126 2363 204 2442 bus,
221 2384 294 2426 cum
312 2347 449 2426 allatum
465 2368 551 2426 esset
569 2367 681 2443 gentes
692 2359 879 2445 Majestatis
890 2357 955 2423 Sue
972 2359 1113 2420 intrasse
1129 2375 1264 2436 regnum

124 2469 280 2550 Bossine,
307 2491 345 2533 ac
362 2468 542 2533 obtinuisse
559 2468 704 2548 Zamam,
723 2466 869 2550 prolecto
885 2462 1109 2528 incredibilem
1126 2461 1266 2548 letitiam

125 2577 338 2660 sumpsimus,
365 2577 600 2660 credentesque
624 2597 740 2640 novum
757 2574 845 2638 istud
863 2594 970 2636 verum
987 2593 1066 2650 esse,
1083 2570 1265 2634 sicutdesi·

123 2682 328 2762 derabimus
344 2685 530 2766 scripsimus
553 2690 586 2749 et
602 2683 641 2748 de
658 2704 695 2747 eo
711 2680 847 2746 indilate
864 2679 1016 2743 notitiam
1033 2677 1181 2743 dedimus
1198 2675 1265 2740 Ro-

122 2813 229 2856 mano
246 2790 410 2856 Pontifici.
883 2785 884 2788 ’

241 2898 405 2983 Departe
482 2939 524 2948 —-
571 2937 614 2945 -
666 2905 736 2964 161.

240 3007 292 3072 De
310 3029 375 3073 non
482 3043 525 3054 —
574 3045 614 3054 -
708 3016 736 3071 0.

240 3113 318 3179 Non
335 3117 452 3181 sinceri
484 3153 526 3162 -
573 3153 615 3161 -
709 3123 737 3178 0.

239 3279 398 3340 (Velenczei
411 3278 591 3340 allamkonyv
608 3281 666 3325 196.
683 3277 712 3335 l.)
