3314 5300
385 398 450 460 336
741 407 972 456 nietomncmm
990 394 1158 452 sensnm.

383 582 416 641 et
442 576 505 660 ipsi
536 594 668 656 quoque
693 594 752 639 nos
781 578 895 656 sponte
911 570 1046 653 propria
1064 567 1221 633 conferre.
1254 567 1357 634 Novit
1372 564 1459 628 enim
1475 559 1518 659 R

388 683 577 749 Paternitas
594 687 625 746 et
641 679 891 762 Magnificencia
908 676 982 758 Sue,
1008 683 1165 760 quantum
1191 682 1336 758 tempore
1353 669 1519 755 superiori

387 791 626 870 contulerimus
659 795 879 872 quantumque
912 785 1057 851 conferre
1090 805 1177 850 anno
1208 783 1351 867 presenti
1376 779 1520 865 polliciti

385 922 502 966 sumus.
534 899 630 965 Unde
657 918 716 962 nos
743 903 901 980 quantum
926 918 946 959 a
967 895 1060 960 nobis
1076 915 1140 958 non
1158 893 1261 957 solum
1277 891 1348 955 ficri
1366 887 1520 966 debebat,

386 1007 441 1072 sed
473 1014 506 1071 et
531 1012 672 1091 poterat,
703 1010 736 1068 et
760 1004 811 1068 vix
837 1002 927 1066 credi
952 1006 1010 1066 aut
1035 1000 1201 1083 expectari
1228 997 1399 1065 verisimile
1425 999 1520 1061 erat:

388 1115 518 1180 abunde
535 1112 648 1178 fecisse
664 1111 887 1196 proculdubio
902 1109 1049 1192 judicare
1066 1108 1236 1189 debemus;
1261 1130 1321 1172 nec
1337 1128 1446 1171 sumus
1464 1105 1520 1168 de-

387 1222 481 1287 situri
507 1221 615 1302 quoad
641 1220 807 1303 ingenium
834 1225 866 1282 et
892 1219 975 1282 vires
1002 1216 1296 1284 subministrabunt
1321 1221 1450 1294 nostre;
1487 1219 1522 1276 et

387 1332 433 1394 sic
449 1350 626 1412 speramus
644 1328 816 1392 suademus
832 1333 864 1390 et
880 1327 1049 1391 hortamur
1062 1326 1202 1408 Regiam
1218 1324 1429 1408 Maiestatem
1447 1343 1524 1406 pre-

389 1438 517 1518 dictam,
544 1443 580 1500 ut
595 1458 655 1518 pro
671 1436 739 1519 ejus
754 1439 909 1499 consueta
925 1435 1053 1514 virtute,
1080 1439 1112 1496 et
1129 1433 1399 1514 magnanimitate
1416 1431 1523 1495 faciat

389 1567 428 1608 ex
444 1545 547 1609 latere
564 1565 632 1608 suo.

496 1649 552 1718 Ad
568 1658 697 1735 partem
709 1651 902 1716 ducatorum
915 1653 985 1720 XV
996 1651 1131 1716 millium
1141 1651 1290 1716 dabimus
1302 1652 1356 1716 eo's
1367 1647 1525 1732 Magnifi-

388 1761 506 1825 cenciis
523 1761 598 1840 suin,
615 1761 803 1842 priusquam
814 1761 889 1824 hinc
900 1759 1077 1839 discedant,
1093 1765 1129 1824 ut
1138 1759 1214 1823 illos
1224 1779 1333 1823 secum
1344 1756 1385 1821 ad
1397 1756 1525 1838 Mojes·

388 1871 490 1933 tatem
503 1867 641 1952 Regiam
652 1867 778 1932 deferre
789 1868 927 1949 valeant,
945 1867 985 1933 de
1001 1867 1132 1933 residuo
1149 1888 1224 1932 vero
1241 1865 1402 1949 usquead
1419 1885 1526 1947 quan-

387 1977 517 2040 titatem
533 1975 562 2039 L
577 1975 714 2040 millium
735 1997 793 2058 per
809 1997 868 2040 nos
884 1977 1128 2059 promissorum,
1150 1975 1248 2058 juxta
1265 1996 1373 2039 rerum
1390 1973 1526 2055 exigen-

387 2085 477 2165 tiam,
505 2089 538 2148 et
554 2083 637 2148 sicut
653 2081 695 2147 ab
713 2079 853 2148 Oratore
873 2090 994 2165 nostre,
1021 2105 1115 2165 quern
1130 2087 1199 2169 jam
1215 2083 1463 2166 designavimus,
1491 2089 1526 2147 et

391 2191 582 2274 propediem
609 2191 651 2255 ad
667 2191 877 2274 Majestatem
902 2191 1007 2273 ipsam
1024 2190 1239 2272 expediemus,
1267 2189 1306 2254 de
1323 2195 1470 2270 tempore
1489 2190 1525 2252 in

389 2305 517 2382 tempus
543 2297 583 2364 de
609 2297 837 2364 occurentibus
863 2298 1004 2362 advisati
1030 2298 1196 2381 fuerimus,
1221 2300 1267 2362 ita
1283 2297 1471 2363 satisfacere
1491 2303 1528 2360 et

389 2407 541 2490 ¹supplere
558 2406 709 2472 dabimus
725 2426 866 2489 operam.

498 2512 597 2580 Circa
621 2514 766 2598 presidia
792 2516 867 2578 anni
894 2521 927 2580 et
951 2519 1131 2600 temporum
1156 2515 1349 2594 futurorum,
1376 2515 1528 2593 dicimus,

392 2623 479 2704 quod
505 2645 584 2706 erga
600 2622 740 2706 Regiam
757 2622 970 2708 Majestatem
987 2630 1108 2690 statum
1125 2631 1159 2689 et
1175 2645 1226 2689 res
1242 2643 1325 2705 suas,
1351 2623 1455 2688 futuri
1471 2645 1528 2688 su-

392 2753 462 2795 mus
487 2731 644 2795 illiusmet
660 2730 888 2814 dispositionis,
915 2738 948 2796 et
965 2734 1090 2815 mentis,
1116 2733 1208 2816 cujus
1224 2733 1343 2797 fuimus
1361 2738 1436 2796 ante
1453 2732 1529 2815 hac,

392 2846 425 2904 et
441 2860 549 2905 sumus
566 2839 664 2904 etiam
680 2837 720 2903 de
736 2839 890 2921 presenti.
924 2842 970 2907 Et
985 2865 1049 2906 non
1065 2848 1115 2906 est
1131 2841 1347 2906 dubitandum
1365 2841 1529 2906 existente

393 2949 564 3031 presertim
581 2946 794 3013 Beatitudine
811 2947 936 3014 Summi
952 2950 1124 3016 Pontificis
1140 2951 1189 3016 ita
1206 2952 1353 3016 animata
1369 2956 1402 3015 et
1417 2949 1529 3032 dispo·
1646 2981 1648 3004 ι

392 3057 464 3137 sita,
492 3055 577 3138 quod
604 3059 637 3119 et
662 3055 704 3120 ab
721 3053 790 3121 Sua
807 3056 1016 3122 Beatitudine
1033 3065 1065 3123 et
1081 3081 1101 3124 a
1117 3059 1210 3126 nobis
1227 3063 1260 3123 et
1276 3057 1317 3122 ab
1334 3057 1407 3141 alijs
1424 3057 1529 3122 etiam
1570 3049 1581 3138 J

395 3162 550 3246 potentijs
575 3182 633 3244 per
660 3184 802 3245 operam,
829 3169 863 3228 et
889 3164 1029 3231 medium
1047 3163 1111 3232 Sue
1127 3165 1347 3232 Beatitudinis
1365 3164 1529 3248 Majestas

394 3273 466 3354 ipsa
483 3269 636 3340 habitura
653 3270 696 3333 sit
713 3269 940 3338 honestissima
955 3281 988 3338 et
1004 3275 1307 3341 convenientissima
1322 3273 1477 3356 presidia,
1496 3280 1531 3338 et
1645 3311 1647 3336 l

394 3379 533 3460 favores,
550 3376 667 3460 quibus
684 3381 898 3464 magnanime,
914 3389 946 3448 et
962 3383 1066 3449 valide
1077 3384 1200 3467 poterit
1216 3406 1288 3448 cum
1307 3382 1401 3448 clade
1411 3383 1531 3471 hostis,

394 3507 514 3553 nomen
531 3490 565 3550 et
580 3483 717 3568 gloriam
729 3485 830 3552 Suam
846 3489 1021 3572 celebrare,
1038 3496 1071 3556 et
1086 3490 1301 3557 immortalem
1317 3490 1404 3573 apud
1416 3511 1532 3556 omnes
1642 3511 1647 3570 t

397 3594 511 3661 christi
526 3592 635 3659 fideles
651 3592 797 3660 reddere.

504 3701 547 3785 ΔΓ
597 3704 658 3764 135
706 3735 749 3747 -
797 3710 817 3767 a
865 3741 908 3753 -
957 3713 984 3772 1.

507 3861 667 3927 (Velenczei
680 3862 860 3930 allamkonyv
875 3874 917 3920 96.
931 3870 960 3930 l.)
