3292 5310
325 431 329 440 ι
362 348 404 418 dd
715 345 1135 418 6666666666616661666.

359 531 446 597 16616
463 529 656 596 6666616611
673 528 812 614 Signori,
829 530 912 596 tolse
923 527 1208 611 Constantinopoli
1225 533 1257 592 et
1272 532 1343 592 1616
1354 544 1411 590 666
1422 525 1486 590 Im·

359 641 459 724 66616,
475 644 507 704 61
523 637 721 704 simelmente
739 661 780 723 po
798 636 987 704 considerar
1003 635 1037 702 la
1053 634 1205 720 Signoria
1221 634 1351 715 Vestra,
1369 637 1486 715 quante

359 747 392 812 16
408 748 439 813 16
455 747 581 812 6161666
597 753 628 811 61
643 768 803 830 66666666
819 747 859 812 (16
876 746 996 829 Signer
1011 744 1150 828 Despeti
1165 744 1205 809 de
1222 741 1345 825 Servia,
1363 743 1394 808 61
1410 742 1487 825 qual

359 875 424 919 nen
439 861 514 938 pete
531 853 700 931 subornar,
726 877 766 919 ne
784 856 890 920 666166
906 875 989 936 gran
1006 851 1122 936 Tereo,
1147 873 1219 918 cum
1235 850 1266 914 16
1283 872 1338 915 666
1353 849 1488 930 6161666,

359 984 400 1026 ne
416 963 550 1028 66616166
566 983 638 1028 cum
653 962 687 1026 16
703 983 761 1028 666
773 963 932 1046 66166616,
949 962 983 1026 16
994 958 1062 1026 Sua
1073 959 1226 1042 Signoria
1235 959 1327 1039 16166,
1343 964 1376 1023 et
1386 957 1490 1022 simel-

359 1076 467 1135 mente
482 1070 525 1135 da
534 1091 576 1153 po
587 1070 620 1135 16
629 1073 745 1152 morta,
761 1069 802 1134 de
813 1067 918 1135 (lente
929 1069 1085 1149 Bianoho,
1100 1067 1264 1133 telsetuta
1274 1066 1308 1131 la
1318 1063 1489 1147 Valaehia,

360 1177 393 1243 16
417 1177 493 1260 qual
510 1197 544 1243 se
560 1177 691 1260 tegeiva
707 1199 779 1242 cum
796 1177 821 1242 li
835 1177 998 1259 Hungari,
1023 1176 1056 1240 la
1074 1174 1152 1259 qual
1168 1175 1312 1239 anchora
1328 1175 1490 1257 signeriza

361 1286 395 1348 al
411 1290 571 1366 presente,
588 1283 703 1350 deinde
718 1285 802 1350 tolse
817 1285 852 1348 la
867 1285 983 1350 Merca
999 1289 1032 1349 61
1047 1288 1121 1348 1616
1138 1279 1206 1347 Sua
1222 1279 1383 1364 Signeria.

468 1389 598 1457 Adesse
619 1391 671 1457 Ill.
688 1391 826 1478 Signere
846 1414 896 1458 me
916 1414 976 1475 par
995 1390 1054 1456 che
1074 1411 1108 1456 66
1128 1389 1355 1474 appropinqua
1381 1390 1489 1474 quello

359 1505 478 1582 tempo,
493 1500 552 1564 che
569 1521 621 1566 me
638 1522 718 1565 vora
733 1500 878 1582 (1666666,
894 1519 984 1565 come
1001 1497 1146 1564 1616616
1164 1498 1491 1582 (16611616616616161

360 1607 500 1693 Signeri,
515 1629 575 1691 per
593 1608 651 1674 che
668 1609 772 1674 nostri
788 1605 919 1673 termini
934 1628 999 1672 non
1014 1628 1032 1670 6
1047 1627 1141 1690 gram
1151 1611 1331 1688 mentagne,
1346 1628 1386 1671 ne
1397 1629 1490 1690 gram

360 1736 453 1799 aque,
478 1714 508 1780 el
535 1714 613 1797 qual
638 1737 711 1781 cum
736 1716 767 1780 16
793 1716 856 1780 mie
875 1715 1003 1780 richeza
1020 1736 1085 1779 nen
1101 1735 1200 1797 pesse
1217 1735 1341 1796 sagrar,
1360 1733 1491 1790 neeum

359 1843 518 1907 possenna
533 1823 679 1904 resister,
701 1829 733 1889 61
748 1824 796 1888 161
811 1820 1001 1888 confidande
1019 1821 1105 1886 dele
1122 1841 1179 1885 666
1196 1819 1284 1887 16666
1301 1843 1317 1886 6
1339 1820 1490 1904 (11666616

361 1936 479 2011 61666,
505 1936 578 1995 1616
595 1930 704 2012 666116
721 1930 794 1997 6161
808 1951 890 2015 6666
907 1935 975 1995 eta
991 1931 1044 1995 611
1060 1949 1160 2013 6666;
1177 1935 1209 1996 61
1225 1929 1256 1994 16
1274 1927 1489 1996 Serenissima

361 2033 921 2123 8166661666666161766166166116
933 2037 1491 2123 etcitadino,etledelamige,eeme
1516 2089 1523 2096 .

362 2167 399 2211 sa
408 2143 574 2215 laVostra
586 2141 739 2229 Signoria
749 2168 814 2210 non
823 2153 916 2212 trove
926 2167 1016 2211 meer
1027 2144 1155 2227 reduto,
1165 2167 1206 2210 ne
1216 2167 1325 2211 mazer
1336 2167 1491 2230 66666666

239 2312 242 2318 .
361 2274 396 2316 66
412 2274 476 2317 666
492 2254 526 2316 16
542 2253 594 2336 vuj
612 2254 838 2336 potentissime
855 2251 1018 2337 Signoria.
1035 2254 1082 2319 Et
1097 2275 1156 2337 per
1172 2253 1491 2320 tantohumelmente

361 2361 507 2445 supplice
525 2359 576 2427 616
593 2358 715 2428 Vestra
732 2360 885 2446 Signoria
901 2362 959 2427 che
975 2384 1012 2428 66
1032 2363 1154 2445 piaqua
1179 2361 1335 2428 conceder
1361 2370 1431 2430 sete
1457 2365 1492 2430 16

361 2467 485 2535 Vestra
502 2468 655 2554 Signeria
671 2470 808 2554 qualche
824 2467 967 2552 castelle,
989 2469 1149 2535 61616666
1165 2471 1199 2535 16
1217 2471 1309 2553 16616,
1328 2478 1491 2538 6166666

360 2594 456 2658 66666
473 2577 571 2641 16666
590 2578 734 2660 66616116,
750 2577 857 2644 almen
875 2579 1014 2661 qualche
1030 2578 1134 2660 Ixela,
1152 2599 1217 2659 noe,
1234 2599 1252 2642 0
1269 2578 1399 2658 Liesna,
1415 2603 1492 2646 ever

359 2681 477 2767 Braza,
503 2704 578 2749 6666
602 2685 711 2768 611661,
736 2686 878 2769 segende
905 2687 1024 2770 meglio
1050 2708 1111 2771 par
1127 2687 1179 2752 616
1196 2685 1351 2770 Signeria
1367 2686 1491 2756 Vestra

272 2877 275 2884 Δ
360 2791 441 2856 (1666
458 2812 567 2857 666666
585 2793 685 2875 66166,
701 2798 732 2857 61
748 2792 917 2877 guardade
933 2795 966 2858 ie
983 2799 1015 2858 et
1029 2795 1053 2858 li
1069 2794 1132 2858 mei
1149 2792 1225 2875 fieli,
1243 2800 1274 2859 61
1284 2796 1346 2859 mei
1358 2795 1491 2862 subditi.

466 2899 512 2964 Et
528 2918 562 2963 66
578 2920 636 2982 666
652 2905 767 2983 questa
776 2900 829 2966 via
839 2923 904 2967 nen
914 2922 1011 2984 posse
1021 2901 1121 2967 hever
1132 2923 1171 2968 66
1184 2901 1328 2986 66616116,
1344 2903 1490 2984 6616616,

359 3003 1491 3095 61666666616666661617661668166666616666661666666666611-

360 3112 418 3176 che
435 3111 546 3194 prexie
563 3113 778 3179 condecenter
795 3115 957 3181 61616666
974 3117 1013 3181 de
1030 3123 1140 3183 666166
1157 3123 1329 3200 centento;
1346 3126 1378 3184 61
1389 3121 1489 3185 eheie

359 3223 488 3300 6616666
499 3216 632 3283 66116166
642 3218 826 3288 6161166166
837 3223 998 3307 Signoria,
1009 3223 1123 3306 laqual
1133 3226 1320 3293 6666616666
1331 3227 1365 3292 16
1375 3235 1489 3294 616666

359 3323 425 3389 Die
452 3331 485 3389 61
509 3325 542 3389 16
558 3324 684 3392 Vestra
704 3327 888 3411 justissima
915 3328 1077 3413 Signoria,
1103 3331 1162 3396 che
1187 3331 1258 3399 saza
1276 3341 1309 3398 et
1334 3334 1490 3418 delibera,

359 3433 433 3516 qual
449 3431 508 3514 616
523 3434 643 3516 meglio
659 3458 778 3518 666666
794 3437 848 3503 616
864 3435 988 3506 Vestra
1005 3439 1234 3506 illustrissima
1251 3440 1411 3525 Signeria.

467 3537 564 3622 Quod
580 3539 754 3626 diligentes
771 3545 914 3613 16616666
926 3548 987 3612 nx.
999 3545 1134 3613 Domini
1150 3550 1200 3614 sui
1211 3570 1331 3634 sumus,
1348 3558 1380 3617 61
1396 3575 1490 3638 repe·

358 3646 479 3712 riemur
496 3668 622 3732 semper
639 3653 783 3736 prompti
800 3655 834 3718 in
850 3656 1000 3720 omnibus
1017 3657 1285 3722 concernentibus
1302 3659 1371 3744 ejus
1387 3661 1488 3726 heno-

359 3773 428 3817 rem
446 3759 478 3819 61
494 3757 673 3838 commoda,
690 3759 718 3822 si
735 3759 812 3842 quid
832 3783 908 3827 6666
926 3761 1149 3844 (161116116616,
1166 3771 1225 3830 661
1250 3767 1398 3832 molestie
1425 3769 1489 3834 sibi

359 3861 488 3944 occurit,
504 3869 653 3946 respectu
663 3864 797 3933 Domini
809 3868 917 3953 Terei,
933 3871 1091 3954 idquippe
1110 3871 1214 3952 nebis,
1232 3873 1288 3954 qui
1305 3873 1357 3940 lll.
1374 3874 1489 3942 Domi-

358 3969 483 4033 nationi
500 3991 557 4034 sue
572 3969 747 4054 plurimum
764 3974 874 4041 affecti
896 3998 1013 4060 666666,
1031 4000 1228 4063 magnopere
1254 3980 1413 4065 displicet,
1431 3985 1488 4049 sed

357 4073 547 4142 confidimus
563 4079 597 4142 in
613 4077 760 4148 bonitate
785 4083 896 4150 divina
922 4091 955 4149 61
980 4086 1015 4150 16
1039 4088 1144 4154 multe
1169 4089 1299 4170 virtute,
1324 4093 1488 4174 sapientia

357 4187 390 4245 et
414 4185 686 4266 magnanimitate
711 4211 779 4272 sua,
804 4191 892 4272 qued
920 4192 1051 4274 quande
1083 4215 1177 4260 casus
1202 4197 1288 4260 61166
1315 4198 1487 4282 accideret,

356 4287 563 4356 Excellentia
588 4291 656 4360 Sua
682 4318 873 4364 conservare
897 4305 931 4365 61
955 4309 1166 4367 manutenere
1192 4303 1337 4372 studebit
1361 4312 1487 4374 statum

357 4417 457 4477 suurn,
476 4399 560 4463 sieut
576 4401 638 4466 huo
654 4425 758 4488 usque
777 4404 863 4486 16611,
880 4414 913 4472 61
929 4408 1014 4472 61661
1030 4410 1128 4474 etiam
1145 4434 1203 4494 per
1220 4415 1390 4497 superiora
1405 4421 1487 4480 tem-

362 4522 441 4584 pora
459 4508 685 4588 progenitores
703 4512 751 4574 sui
769 4533 895 4594 semper
909 4515 1064 4580 fecerunt.

1630 2685 1631 2698 l

1629 2757 1631 2768 6

1629 2771 1631 2782 r

1630 2783 1631 2790 r

1630 2819 1631 2826 r
