3292 5310
605 475 609 490 .
657 379 750 442 lesa

681 743 731 802 29.

141 898 237 964 1458.
263 899 433 966 Krakdbol
458 900 539 969 tetes
565 901 685 965 nolant.
714 903 857 966 Kdzmcir
888 903 1010 988 lcopyel
1036 901 1150 986 kirtly
1175 901 1267 964 levale

144 1008 346 1092 Mdtycioboz,
361 1009 500 1095 melyben
516 1021 560 1072 eat
577 1009 925 1097 kimo'lcletleolzanqon
936 1011 1120 1076 bitorldnalr
1131 1031 1269 1088 naresve,

243 1119 354 1200 magefit
361 1116 583 1202 senyegctb'leq
600 1117 684 1202 spite
701 1117 915 1203 elleuse'pe'nek
930 1117 1162 1204 nyilvdnyitja.

247 1309 481 1395 (Exemplum.)
490 1310 677 1380 Kasimirus
688 1311 742 1376 dei
751 1311 868 1393 gratia
878 1310 1098 1378 Illustrissimi
1106 1312 1268 1396 Principis

141 1422 173 1483 et
188 1417 322 1483 Domini
338 1417 500 1483 Kasimiri
524 1418 667 1502 ejusdem
682 1419 747 1484 Dei
767 1426 801 1484 et
816 1419 937 1484 domini
954 1415 1073 1485 Gratia
1088 1420 1190 1504 Regis
1207 1420 1268 1485 Po-

137 1525 248 1589 loniae
269 1529 303 1589 et
319 1525 428 1606 magni
449 1525 612 1609 Principis
629 1525 743 1590 delitic
770 1527 842 1610 (tan
860 1526 1075 1611 Litvaniast)
1101 1527 1219 1593 Russie
1235 1533 1269 1592 et

136 1631 273 1696 Prussic
285 1629 418 1696 Domini
435 1637 469 1696 et
485 1631 646 1698 naturalis
663 1633 792 1698 heredis
808 1639 867 1697 ect.
887 1629 964 1698 Tibi
973 1633 1115 1700 Domino
1126 1631 1264 1700 Matheo

135 1739 303 1823 Hunyadc
316 1737 357 1802 de
366 1737 541 1820 Hungaria
551 1737 659 1822 Regni
669 1739 842 1820 Hungarie
852 1741 979 1806 intruso
985 1739 1071 1823 Regi
1082 1746 1114 1805 et
1125 1740 1267 1806 violento

136 1845 280 1912 Domino
296 1852 443 1912 nostram
459 1847 607 1928 salutern,
625 1848 802 1912 secundnm
817 1848 905 1931 quod
922 1854 954 1912 te
971 1868 1031 1931 pro
1047 1869 1132 1913 nunc
1146 1846 1267 1913 iactum

136 1955 247 2020 habet.
263 1953 388 2018 Notum
399 1959 450 2018 est
458 1952 562 2033 nobis,
573 1959 606 2018 et
615 1955 701 2019 omni
711 1954 841 2038 populo,
853 1955 997 2037 qualiter
1008 1961 1044 2020 tu
1055 1976 1088 2019 es
1099 1976 1267 2037 possessor

135 2061 220 2126 male
235 2060 313 2125 fidei
330 2067 364 2125 et
380 2059 590 2142 inhabitator,
607 2068 641 2126 ct
656 2062 740 2127 illud
755 2063 908 2146 Regnum
924 2062 954 2125 vi
973 2067 1006 2126 et
1021 2060 1176 2132 violentia
1192 2082 1265 2125 cum

7 2169 8 2176 '
135 2167 246 2250 gladio
262 2167 321 2233 tibi
338 2169 444 2234 fecisti
461 2168 681 2236 obedientiam
698 2171 837 2254 exibere,
862 2194 934 2237 curn
950 2171 1113 2254 aliquibus
1129 2171 1196 2238 tuis
1212 2192 1267 2236 no·

135 2275 270 2340 minatis
287 2275 408 2356 amicis,
425 2277 480 2358 qui
497 2275 557 2343 tibi
575 2277 719 2342 favorem
734 2279 996 2362 etjuramentum
1007 2278 1176 2359 dederunt,
1192 2301 1265 2344 cum

136 2381 257 2465 quibus
281 2387 319 2446 tu
335 2383 433 2448 etiam
450 2391 483 2449 et
498 2384 651 2451 Prelatos
667 2386 756 2452 illius
771 2387 880 2470 Regni
895 2387 1043 2453 Barones
1061 2394 1094 2452 et
1110 2385 1262 2452 Comuni-

6 2515 8 2528 ·
136 2495 223 2554 tates
241 2491 437 2574 compulisti,
454 2497 488 2556 et
503 2499 639 2559 conatus
657 2493 765 2561 fecisti
780 2495 871 2560 nulla
887 2495 1035 2578 legitima
1052 2514 1151 2560 causa
1166 2492 1266 2558 inter-

137 2597 297 2680 veniente,
323 2599 410 2682 quod
425 2605 462 2665 tu
479 2601 586 2666 adhuc
603 2603 636 2666 in
651 2601 844 2667 hodiernum
860 2601 945 2668 diem
960 2607 1052 2668 tenes
1069 2607 1102 2667 et
1117 2600 1265 2685 possides

6 2701 8 2740 ³
135 2704 167 2768 in
194 2705 374 2770 dominium
393 2714 506 2775 contra
521 2710 628 2774 Deum
645 2715 677 2774 et
690 2708 851 2792 justitiam
867 2710 1120 2794 naturalemque
1137 2709 1265 2774 heredi-

134 2817 236 2877 tatem
270 2814 436 2896 sanguinis
466 2816 674 2899 imperatoris
700 2817 908 2900 Zigismundi
940 2819 1044 2882 nostri
1068 2815 1206 2883 barbani
1233 2819 1267 2878 et

7 2939 9 3002 g
134 2919 236 3003 Regis
253 2919 402 2986 Ladislai
429 2928 463 2986 et
488 2922 628 2989 aliorum
644 2924 773 3006 Regum
799 2930 985 2990 nostrorum
1001 2922 1266 3006 predecessorum

134 3028 187 3109 pie
213 3027 373 3092 memorie
399 3027 512 3094 deifice
538 3036 571 3094 et
594 3031 737 3115 juridice
753 3036 830 3114 post
846 3031 970 3096 obitum
986 3030 1065 3095 dicti
1082 3029 1184 3113 Regis
1200 3024 1264 3095 La-

8 3215 9 3218 *
134 3133 228 3199 dislai
248 3135 415 3217 pertinere
432 3136 642 3221 dignoscitur,
658 3137 746 3221 quod
761 3157 898 3221 regnum
914 3137 1193 3220 sicutpretactum
1203 3142 1264 3219 est,

134 3262 196 3307 non
208 3241 360 3326 juridice,
381 3243 438 3309 sed
454 3243 614 3309 violenter
631 3266 703 3310 cum
719 3245 830 3329 gladio
846 3245 1083 3328 possessionem
1099 3244 1266 3328 accepisti,

7 3365 8 3376 ¹
134 3354 167 3412 et
190 3350 225 3413 in
241 3349 301 3414 illo
316 3349 418 3416 vitam
433 3351 714 3417 inconvenientem
730 3350 953 3436 (continuare)
971 3353 1056 3418 sicut
1072 3357 1107 3416 tu
1124 3353 1157 3416 in
1174 3351 1261 3434 prin-

7 3493 8 3504 2
134 3455 215 3540 cipio
241 3455 358 3538 fecisti,
382 3456 490 3522 adhuc
514 3458 548 3523 in
574 3459 766 3525 hodiernum
792 3481 856 3524 non
875 3479 990 3524 cessas.
1029 3457 1116 3523 {lura
1130 3463 1164 3522 et
1179 3456 1267 3538 bona

7 3569 9 3602 ⁵
134 3563 236 3646 ipsius
247 3563 357 3647 Regni
373 3563 489 3629 frivole
504 3564 741 3631 damnificando
759 3571 873 3630 contra
889 3567 997 3632 omnia
1010 3564 1087 3648 jura
1102 3571 1135 3630 et
1151 3571 1267 3630 contra

7 3705 8 3730 i
131 3670 295 3752 justitiam
322 3679 354 3737 et
378 3672 496 3738 multas
522 3671 606 3738 alias
631 3672 777 3757 injurias,
803 3674 1035 3758 occupationes
1061 3678 1095 3738 et
1118 3673 1267 3742 feritates

7 3785 10 3844 t
134 3797 275 3842 exerces.
313 3777 361 3843 Et
386 3779 474 3860 quod
498 3779 590 3866 peius
612 3785 671 3862 est,
695 3779 885 3864 hacstrage
901 3781 990 3846 illius
1006 3779 1266 3846 inhumanissimi

136 3885 238 3948 teucri
256 3882 405 3949 homines
422 3906 460 3949 ex
477 3884 652 3969 Hungaria
669 3888 828 3971 exposuiti
845 3895 879 3954 et
895 3888 1067 3966 abduxisti,
1085 3892 1119 3950 et
1136 3885 1262 3951 animas

8 4067 10 4074 γ
135 3986 258 4055 christi
284 3989 430 4056 fidelium
446 3992 609 4062 abducere
625 3995 812 4077 permisisti,
840 3995 972 4076 insuper
987 3991 1184 4072 chisticolas,
1209 3993 1265 4075 qui

8 4093 9 4104 ’
134 4117 204 4161 oum
229 4097 378 4162 cruciata
403 4104 516 4166 contra
542 4099 682 4183 perfidos
699 4101 825 4167 Turcos
841 4103 1003 4178 venerant,
1030 4098 1174 4180 graviter
1190 4120 1266 4163 onc-

8 4233 9 4252 1
134 4205 213 4269 rasti
226 4228 233 4283 3
259 4204 317 4268 sed
342 4205 500 4270 veraciter
522 4211 555 4271 et
569 4207 700 4273 minime
716 4207 766 4271 vel
781 4227 897 4291 parum
913 4207 947 4272 in
961 4205 1020 4270 illa
1036 4210 1146 4289 strage
1163 4204 1263 4271 lexio·

8 4341 9 4354 ¹
134 4332 205 4376 nem
222 4311 370 4392 sensisse,
393 4334 470 4378 nam
487 4313 626 4379 nullate
642 4314 686 4380 ad
701 4314 763 4380 hoc
778 4314 917 4398 urgebat
932 4312 1118 4391 necessitas,
1135 4317 1173 4378 ut
1189 4334 1262 4377 oum

8 4413 10 4462 ἶ
135 4418 190 4484 illo
204 4420 477 4488 inhumanissimo
492 4427 604 4488 teucro
621 4428 654 4488 te
671 4422 893 4503 concordares,
909 4442 968 4505 per
984 4420 1070 4504 quod
1086 4426 1155 4485 tarn
1171 4441 1261 4528 mag-

135 4547 208 4595 num
234 4536 269 4596 et
293 4527 469 4594 maximum
493 4527 673 4596 dominium
696 4529 872 4614 provinciis
897 4534 930 4594 et
946 4527 1130 4595 hominibus
1148 4527 1266 4594 evenit,
