3256 5304
655 322 748 382 1463.
1203 327 1266 390 263

138 496 252 562 mitate
268 497 335 563 Sua
361 497 441 561 nihil
467 518 536 560 esse
561 497 852 580 pretermissuram,
877 503 914 562 ut
930 520 1066 581 regnum
1081 499 1169 564 istud
1186 523 1206 564 a
1222 523 1268 564 se-

139 605 278 670 vissimis
295 605 399 670 crucis
415 605 563 672 hostibus
574 611 766 688 occupatum
779 605 962 688 redimeret,
980 614 1013 671 et
1024 606 1272 672 Christifirleles

139 715 279 779 atantis
305 713 550 779 calamitatibus
576 712 742 780 liberaret.
769 713 813 778 nt
839 714 969 797 quidem
994 715 1065 780 vive
1092 713 1271 785 affectionis

139 829 251 888 nostre
277 821 310 886 in
327 821 546 889 Serenitatem
562 823 724 904 Vestram,
750 823 842 906 cujus
859 823 1065 906 splendorem
1082 829 1115 888 et
1131 823 1271 905 gloriam

138 953 204 996 non
219 931 333 1011 minus,
350 953 447 1014 quarn
463 930 629 1014 propriam
647 929 812 1012 cupimus:
836 931 917 995 nihil
935 936 994 1012 est,
1011 931 1098 1016 quod
1115 931 1176 998 boc
1192 937 1270 1002 tem·

137 1061 216 1122 pore
242 1040 368 1122 gratius
394 1044 451 1105 aut
473 1037 647 1132 jucundius
663 1037 776 1104 audire
792 1059 966 1122 possemus.
987 1059 1085 1121 quam
1102 1040 1195 1105 istius
1212 1039 1269 1106 im-

137 1149 244 1232 presie
260 1149 498 1231 optatissimum
515 1146 619 1211 finem.
646 1145 873 1212 Intelleximus
889 1147 1100 1230 Majestatem
1111 1145 1269 1220 Vestram

137 1256 377 1322 aRectoribus
403 1255 525 1322 nostris
551 1252 692 1320 Sibenioi
719 1259 752 1320 et
777 1253 904 1337 Spaleti
928 1255 1136 1338 requisivisse
1162 1259 1270 1322 certas

138 1364 333 1430 munitiones
359 1369 391 1428 et
416 1373 540 1446 gentes.
583 1362 741 1428 Dolemus
766 1362 950 1445 plurimum,
975 1362 1062 1446 quod
1088 1360 1268 1430 Serenitati

15 1525 17 1530 .
140 1475 258 1542 Vestre
274 1493 339 1537 non
355 1470 457 1537 fuerit
473 1473 598 1555 integre
614 1469 829 1551 satisfactum,
856 1471 912 1536 sed
928 1469 1086 1536 Rectores
1101 1471 1150 1535 illi
1167 1492 1267 1554 penu·
1342 1541 1345 1548 Ι
1362 1479 1367 1486 ’

137 1583 187 1648 ria
210 1580 378 1646 rernm‘id
404 1579 546 1644 evenisse
562 1579 717 1644 scribunt.
744 1579 895 1644 Misimus
911 1578 954 1644 ad
970 1601 1025 1644 eos
1042 1579 1082 1643 de
1099 1578 1231 1662 pulvere
1248 1601 1268 1644 a

15 1733 16 1738 κ
137 1690 325 1772 bombarda,
348 1689 575 1772 jussimusque,
600 1694 637 1753 ut
661 1689 700 1754 de
726 1710 772 1771 eo,
798 1694 830 1756 et
856 1688 1016 1772 gentibus,
1039 1708 1120 1771 quas
1136 1687 1267 1770 habent,

139 1820 177 1864 ac
192 1799 232 1864 de
249 1797 322 1881 alijs
339 1797 485 1862 omnibus
501 1796 709 1880 possibilibus
719 1797 897 1863 Serenitati
909 1795 1027 1862 Vestre
1039 1795 1169 1879 placere
1185 1818 1267 1862 sem·

137 1930 194 1992 per
210 1906 369 1986 studeant,
385 1928 450 1970 non
466 1905 550 1970 enim
566 1905 673 1988 ignari
690 1927 808 1984 sumus,
825 1904 911 1988 quod
926 1905 1119 1988 plerumque
1135 1905 1169 1968 in
1179 1925 1268 1970 exer-

139 2015 257 2082 citibus
271 2015 311 2080 de
329 2013 514 2098 hujusmodi
524 2012 824 2097 opportunitatibus
836 2012 982 2078 accidere
993 2013 1105 2096 solent,
1122 2019 1265 2082 ceterum

15 2203 16 2206 Ἴ
139 2125 180 2190 ad
196 2127 405 2212 Majestatem
421 2123 577 2192 Vestram
602 2126 637 2188 in
663 2126 791 2206 signum
816 2123 961 2207 precipui
977 2124 1103 2206 amoris,
1130 2129 1163 2188 et
1178 2123 1266 2188 beni-

15 2277 17 2284 >
138 2235 273 2300 volentie
289 2241 399 2300 nostre
415 2234 574 2297 mittimus
591 2231 729 2296 florenos
746 2230 824 2295 IIII
840 2253 871 2294 m
890 2231 952 2296 sibi
969 2231 1177 2298 exhibendos

241 2343 344 2407 Facte
360 2340 482 2405 fuerint
497 2339 608 2404 littere
625 2337 710 2403 XII.
727 2337 752 2402 J
753 2338 892 2423 anuarij.

244 2450 286 2534 t
323 2455 398 2513 mo
445 2485 487 2494 -
538 2452 578 2510 rs
625 2484 668 2494 -
717 2451 745 2511 s.

241 2613 399 2676 (Velenczei
412 2611 592 2676 allamkbnyv
607 2614 666 2660 220.
680 2611 710 2673 l.)

617 2847 777 2858 ...μ-ο--ῇ

15 3293 16 3380 ,
139 3299 229 3361 1463.
260 3295 290 3361 A
316 3297 469 3360 celenczet‘
493 3296 712 3362 uillamtuadcs
737 3295 840 3384 Aymo
865 3297 969 3363 Ja'nos
994 3301 1262 3386 mapparorsacipi

15 3421 17 3480 ζ
137 3405 250 3470 tuceta
275 3406 409 3484 c'rtesiti,
434 3407 515 3490 bopy
534 3405 663 3492 Mdtyu's
679 3406 790 3493 kirtly
808 3408 943 3486 re'szc're,
974 3409 1018 3471 bc
1034 3431 1055 3470 a
1073 3407 1164 3471 torol
1180 3407 1260 3472 allen

15 3509 17 3612 j
136 3513 263 3580 robora
288 3515 381 3595 scalt,
407 3513 451 3579 60
475 3538 540 3579 ezer
566 3527 711 3600 aranpat
737 3517 846 3601 cjdal,
872 3517 1013 3602 epycttol
1040 3517 1183 3582 rc'szleteo
1209 3528 1257 3582 tu·

15 3621 16 3632 ¹
468 3623 670 3689 desitosolcut
686 3624 743 3687 kar
758 3624 918 3688 konete'tbl.

134 3799 421 3903 uoooonxr'n.
439 3837 491 3902 aa
508 3835 650 3902 xxm.
667 3837 831 3922 canuaaj.

15 3953 17 3964 ”
238 3943 298 4009 Ser
314 3946 338 4011 J
340 3946 437 4010 oanni
454 3943 552 4012 Aimo
570 3944 680 4024 Militi,
698 3944 830 4013 Oratori
847 3950 958 4012 nostro
976 3946 1064 4031 apud
1081 3945 1257 4013 Serenissi-

133 4072 216 4115 mum
231 4052 409 4120 Dominum
425 4055 553 4137 Regem
569 4053 749 4135 Hungarie.

134 4157 300 4244 Sapientes
316 4163 452 4246 Osmssllll
614 4184 708 4248 Inter
723 4184 907 4268 complures
923 4185 1051 4250 litteras
1068 4189 1192 4249 vestras
1212 4184 1257 4247 vi-

219 4293 234 4328 >›
312 4277 335 4338 1·
352 4270 382 4336 f?
558 4295 672 4377 dimus,
697 4298 855 4377 quantum
881 4314 940 4376 per
965 4293 1039 4358 illas
1065 4293 1129 4357 diei
1145 4292 1252 4358 XIII.

219 4375 475 4478 '’w-Qrdlffllffl
507 4429 510 4482 ;
557 4401 746 4468 Decembris
779 4402 821 4467 ad
846 4424 905 4467 nos
933 4401 1106 4485 scripsistis
1133 4402 1172 4466 de
1198 4423 1255 4466 nu·

132 4467 239 4476 ἕξν-.
344 4473 500 4480 --.-

132 4522 213 4568 mero
239 4512 272 4569 ct
297 4504 479 4573 conditione
495 4511 648 4593 gentium,
673 4510 827 4592 quasillo
844 4507 1254 4576 SerenissimnsDominus
1343 4598 1347 4604 Ὺ
