3268 5308
488 415 492 420 ·
596 386 690 450 1462.
1145 393 1205 453 139

4 585 6 636 j
84 581 274 644 omnemque
300 585 418 644 curam,
448 563 651 646 diligentiam
677 570 710 628 et
736 585 866 645 operam
892 586 992 646 suam,
1018 568 1050 629 in
1076 588 1109 630 re
1136 573 1204 632 tam

4 721 5 730 ι
84 674 198 734 sancta
214 676 247 734 et
271 653 440 750 laudabili,
466 694 527 753 que
553 672 692 736 salutem
717 673 816 736 totius
840 671 1015 738 christiane
1041 675 1221 757 religionis

4 799 8 836 2
83 758 254 856 concernit,
271 777 416 842 conferre
433 778 518 842 velit.
535 779 581 842 Et
597 778 725 843 demum
741 778 822 842 nihil
843 781 1033 861 ommittcre,
1059 781 1146 863 quod
1163 781 1205 846 ad

5 885 6 894 ’
83 882 292 950 obtinendam
308 883 623 952 hanc'intentiouem
648 887 827 952 conducere
852 889 961 969 possit.
986 885 1032 952 ut
1059 889 1107 952 ite
1133 911 1204 954 cum

4 975 6 1074 J
82 987 196 1054 ellectu
222 989 329 1057 fecere
362 993 500 1074 carebia,
533 993 740 1060 certificando
772 996 871 1058 etiam
901 994 941 1058 R.
966 993 1207 1061 Paternitatem

83 1095 190 1178 Suam,
217 1099 303 1180 quod
329 1122 561 1184 prosequemur
586 1123 656 1166 cem
683 1100 828 1165 omnibus
851 1101 1020 1166 favoribus
1045 1102 1235 1184 possibili·

4 1237 6 1274 :
83 1201 149 1268 hue.
176 1203 228 1270 De
254 1207 518 1290 responsionibus
544 1214 661 1290 autem,
694 1230 776 1292 quas
803 1208 945 1290 habebis,
962 1231 1001 1274 ec
1026 1209 1066 1272 de
1091 1211 1205 1273 ceteris

4 1317 8 1396 ᾗ
84 1308 239 1396 omnibus,
265 1334 326 1396 quc
353 1314 466 1382 dietim
492 1322 670 1398 occurrent,
693 1316 814 1382 litteris
838 1317 902 1381 tuis
927 1337 986 1382 nes
1012 1315 1136 1381 solicite
1153 1316 1208 1382 ed-

4 1407 6 1486 ζ
83 1415 210 1484 visebis.
799 1471 801 1474 -

4 1509 35 1548 '⁵
190 1523 233 1606 e
281 1531 332 1609 71,
380 1531 421 1590 na
468 1565 510 1573 -
558 1533 576 1592 s
625 1564 668 1574 -
716 1533 855 1594 19-15.

4 1647 21 1674 ,ι
84 1669 148 1736 ser·
165 1668 306 1736 Ni⁰⁰la⁰
323 1670 363 1735 de
379 1667 485 1736 ΟΜ
655 1690 704 1756 At
734 1691 897 1774 quomodo
929 1691 1108 1757 Beatitudo
1140 1692 1208 1758 Sua

4 1839 8 1888 2,
82 1777 207 1842 D⁰⁰l⁰r
223 1776 359 1860 sapiens
375 1783 397 1841 l·
413 1776 433 1842 s·
567 1805 804 1880 commemorat,
821 1797 908 1883 quod
924 1821 982 1882 per
998 1800 1125 1865 litteras
1138 1821 1210 1883 ope·

82 1925 150 1968 rem
176 1908 323 1969 nostram
349 1905 437 1988 apud
470 1905 632 1988 prefatum
657 1906 974 1972 Reverendissimum
999 1905 1210 1972 Cardinalem

4 1999 6 2022 ²
83 2012 334 2095 interponamus,
364 2017 401 2077 ut
435 2034 516 2078 onus
540 2015 731 2098 Legationis
756 2014 898 2097 predicte
929 2015 1093 2097 suscipiat,
1114 2014 1210 2098 jussi-

4 2125 6 2192 j
82 2139 149 2183 mus
165 2119 236 2199 tibi,
253 2119 612 2186 utRevcrendissimam
622 2121 888 2187 Dominationem
898 2121 998 2188 Suam
1015 2121 1074 2186 sub
1090 2121 1209 2185 litteris

82 2227 200 2292 nostris
217 2227 477 2310 credentialibua
496 2251 577 2312 quas
598 2229 640 2292 ad
656 2235 689 2294 te
714 2231 872 2294 mittimus
887 2229 938 2293 his
956 2229 1136 2312 adjunctas,
1152 2250 1209 2292 uo-

83 2333 165 2429 mina
176 2339 289 2399 nostro
300 2335 422 2414 visites,
438 2357 732 2419 commemoresque
748 2337 948 2404 conditiones
965 2341 998 2400 et
1007 2335 1152 2418 pericula
1162 2357 1210 2400 re·

4 2437 5 2446 ³
84 2463 151 2506 rum
163 2441 346 2525 Hungarie,
363 2465 425 2526 que
442 2444 788 2510 tamenDominetioni
799 2445 863 2510 Sue
880 2445 920 2509 ob
936 2446 1125 2509 immensam
1142 2443 1209 2528 ejus

4 2589 8 2658 3
86 2553 278 2632 sapientiam
314 2559 346 2615 et
376 2553 508 2635 longam
540 2555 774 2635 experientiam
800 2559 877 2618 ante
902 2552 971 2635 ejus
996 2552 1121 2616 occulos
1146 2547 1211 2616 fixa

84 2675 148 2722 esse
174 2680 301 2743 semper
326 2681 390 2724 uon
416 2660 608 2741 dubitamus,
631 2662 866 2744 requiruntque
892 2661 1091 2742 presentiam
1116 2661 1211 2723 unius

86 2762 361 2832 Reverendissimi
377 2767 505 2850 Legati,
530 2769 612 2832 sicut·
637 2775 724 2834 esset
748 2768 827 2834 Rev.
844 2767 1035 2832 Paternitas
1053 2767 1128 2845 Sua,
1154 2789 1212 2850 per
1337 2845 1340 2850 Ι

4 2865 6 2902 ³
84 2873 170 2956 cujus
188 2877 462 2956 quammaximam
482 2878 723 2958 reputationem
739 2877 826 2959 apud
842 2876 982 2958 Regiam
999 2873 1211 2958 Majestete'm

4 2981 21 3074 ’Δ
84 2979 254 3064 Hungarie
281 2989 312 3047 et
328 2984 415 3066 apud
431 2983 591 3049 Dominos
608 2991 641 3050 et
656 2983 806 3050 Berones
823 2983 932 3066 Regni
949 2985 1051 3062 istius,
1078 2984 1134 3065 qui
1150 2983 1210 3049 sibi

4 3149 6 3184 ξ
84 3089 198 3152 mirum
214 3091 247 3153 in
264 3091 396 3156 modum
413 3090 518 3155 affecti
530 3098 613 3170 sunt,
630 3093 843 3156 certissimum
853 3090 1028 3156 tenendum
1039 3096 1097 3170 est,
1107 3091 1211 3156 multe

56 3195 113 3258 'in
135 3195 293 3262 honorem
319 3197 390 3278 Dei,
416 3197 618 3281 salutemque
634 3199 741 3281 Regni
767 3205 799 3264 et
824 3199 1072 3263 christianitatis
1098 3197 1211 3263 confici

83 3323 185 3383 posse.
202 3305 248 3368 Flt
265 3304 354 3386 quod
370 3303 452 3369 nihil
467 3308 670 3389 inexpertum
686 3306 852 3390 relinquas
869 3306 911 3370 ad
927 3305 1163 3370 exhortandum
1179 3311 1212 3370 et

84 3411 273 3475 movendum
290 3407 609 3478 Reverentlissimam
625 3415 865 3479 Paternitatem
881 3414 989 3492 Suam,
1011 3420 1048 3477 ut
1072 3411 1106 3476 id
1132 3435 1211 3478 onus

83 3523 113 3579 et
135 3507 376 3583 sanctissimum
403 3541 482 3602 opus
509 3520 659 3604 dignetur
685 3521 846 3604 amplecti.
877 3521 922 3586 let
943 3522 990 3584 ita
1006 3542 1078 3584 cum
1095 3519 1212 3585 effectu

85 3621 189 3689 lacere
206 3625 335 3690 curabis
351 3631 411 3690 etc.
431 3633 490 3692 etc.

121 3725 511 3817 'pun-sa.

192 3893 354 3954 (Velenczei
367 3895 451 3946 allam
464 3896 521 3946 lter
536 3901 578 3946 92.
589 3896 618 3956 l.)
