3256 5304
356 342 421 424 340
711 373 946 421 urrnouacrrar
962 343 1131 419 sundran.

354 536 581 600 commodiani
610 533 717 617 cupidi
744 555 862 612 sumus,
887 533 1031 598 contenti
1057 554 1166 596 snmus
1193 532 1255 596 sibi
1281 532 1351 595 dari
1376 529 1491 593 facere

354 643 489 708 ducatos
501 643 656 707 ducentos
668 642 707 705 de
723 641 905 723 provisione
921 641 954 704 in
971 663 1065 722 anno,
1082 640 1230 705 videlicet
1247 639 1379 721 singulis
1395 661 1491 703 men-

355 751 444 815 sibus
461 771 514 813 sex
531 750 666 813 ducatos
683 753 811 812 centum
827 747 870 812 ad
885 747 1124 830 beneplacitum
1141 748 1245 811 nostri
1263 747 1402 812 dominii.

465 855 626 939 Departe
687 893 730 902 —
779 893 817 905 -
870 858 942 919 151.

462 947 513 1030 Ne
529 984 595 1028 non
686 1001 728 1012 —
775 999 817 1008 -—
890 968 940 1026 10.

461 1069 537 1136 Non
554 1070 670 1134 sinceri
687 1107 729 1117 -—
777 1105 820 1114 -
872 1115 874 1120 -
913 1074 941 1132 2.

462 1234 620 1297 (Velenczei
635 1232 812 1296 allamkonyv
829 1237 886 1282 186.
900 1233 929 1292 l.)

840 1412 999 1420 --.-.-

888 1577 960 1636 149.

360 1743 455 1806 1463.
482 1739 511 1803 Α
530 1735 682 1800 velenczer'
698 1735 917 1801 dilamtanrics
934 1737 1068 1800 adlasaa
1090 1739 1193 1822 Aymo
1210 1737 1316 1802 Jdnos
1332 1761 1494 1824 reappar-

357 1847 485 1933 orszctpi
501 1845 651 1908 doveraek
670 1867 691 1907 α
708 1867 848 1930 meppea·
873 1844 1054 1930 kirrilplyal
1080 1844 1216 1908 terenda
1242 1847 1396 1931 szdcerse'p
1419 1851 1496 1910 ta'r-

356 1957 499 2043 pya'borr,
514 1954 684 2018 erresirve'n
702 1960 732 2016 dr
749 1978 769 2016 a
787 1954 951 2040 brrrprrnda'
970 1956 1097 2040 berczep
1114 1956 1146 2017 e's
1161 1958 1233 2017 mars
1248 1955 1494 2018 taralmataak

655 2086 675 2125 a
692 2062 781 2125 tbrblc
797 2062 892 2125 ellear‘
908 2062 1187 2126 ktszulode'seirol.

361 2257 655 2327 Moooonxffl.
672 2258 724 2322 die
740 2255 802 2323 VI.
820 2255 982 2324 Octobris.

413 2415 415 2420 -
466 2365 526 2432 Ser
542 2367 567 2432 J
569 2366 688 2431 ohauni
705 2362 806 2429 Aimo
824 2363 930 2446 militi,
957 2364 1093 2430 Oratori
1113 2370 1226 2430 nostro
1252 2366 1295 2430 ad
1312 2363 1494 2430 Serenissi·

357 2497 444 2542 mum
462 2475 586 2558 Regem
603 2474 780 2556 Hungam'e.

465 2582 604 2646 Litteris
620 2580 733 2645 vestris
750 2601 852 2662 nuper
877 2580 920 2644 ad
944 2601 1004 2644 nos
1030 2577 1148 2646 delatis
1176 2581 1302 2645 dierum
1328 2577 1428 2648 XVI.
1456 2588 1495 2646 et

361 2688 476 2755 XVII.
494 2687 696 2770 Septembris
711 2709 812 2771 prope
830 2687 958 2753 decursi
974 2688 1201 2771 intelleximus
1212 2696 1370 2772 quantum
1388 2688 1492 2771 signi-

359 2797 482 2862 ficastis
499 2797 593 2862 nobis
610 2797 697 2861 circa
712 2797 856 2880 praticae
872 2796 1004 2862 habitas
1021 2803 1054 2862 et
1068 2797 1182 2863 modos
1192 2820 1251 2881 per
1261 2819 1318 2863 vos
1334 2803 1495 2878 servatos

359 2913 396 2971 ut
422 2905 616 2971 deveniretis
642 2904 684 2969 ad
709 2903 948 2968 conclusionem
972 2904 1195 2988 intelligentie,
1232 2906 1299 2970 sive
1324 2903 1389 2986 lige
1415 2926 1494 2968 cum

359 3013 466 3096 Regia
483 3011 665 3078 Serenitate
681 3012 853 3094 Hungarie
868 3011 961 3094 juxta
977 3019 1091 3078 nostra
1107 3011 1272 3092 mandata,
1298 3033 1361 3095 que
1378 3012 1494 3077 omnia

360 3142 426 3184 non
441 3121 548 3184 minus
573 3119 756 3202 diligenter,
783 3140 880 3201 quam
905 3119 1082 3202 prudenter
1107 3139 1166 3202 per
1190 3141 1247 3186 vos
1273 3125 1366 3202 gesta
1394 3119 1495 3184 nobis

360 3225 533 3310 plurimum
548 3226 750 3309 placuerunt,
767 3249 805 3292 ac
821 3227 937 3292 exinde
953 3227 1126 3292 laudamus
1143 3249 1209 3308 vos,
1235 3235 1267 3292 et
1291 3249 1495 3311 magnopere

360 3334 630 3416 commendamus,
654 3336 834 3401 videbimus
859 3335 999 3401 libenter
1022 3335 1168 3418 capitula
1193 3336 1257 3418 lige
1288 3335 1400 3418 ipsius,
1426 3357 1494 3418 que

360 3443 443 3507 certi
457 3440 622 3508 reddimur
638 3444 727 3509 edita
743 3443 842 3508 fuisse
856 3445 949 3528 juxta
969 3451 1108 3509 mentem
1135 3450 1167 3508 et
1192 3445 1408 3509 intentionem
1435 3466 1495 3508 uo-

361 3556 473 3633 stram,
489 3571 586 3634 quam
601 3551 693 3617 vobis
709 3553 826 3617 nostris
843 3552 963 3617 litteris
980 3552 1214 3618 denotavimus.

467 3657 597 3724 Placuit
613 3660 706 3726 nobis
723 3659 895 3726 admodum
912 3658 1096 3743 intelligere
1122 3661 1280 3743 optimam
1305 3658 1494 3742 dispositio-

361 3789 443 3850 nem,
459 3768 796 3852 ferventissimumque
813 3770 1018 3852 propositum
1030 3767 1238 3834 Serenissimi
1253 3767 1355 3852 Regis
1372 3769 1506 3853 agendi-

360 3878 565 3959 magnanime
581 3883 695 3942 contra
712 3877 854 3942 Turcum
874 3898 1076 3942 communem
1101 3877 1238 3958 hostem,
1265 3897 1324 3942 nec
1350 3878 1431 3942 satis
1457 3875 1495 3939 in

361 3982 422 4049 hoc
439 3981 676 4050 Oelsitudinem
702 3982 801 4050 Suam
827 4004 997 4066 possumus
1022 3982 1167 4062 laudare,
1194 3984 1246 4047 cui
1271 3985 1428 4064 volumus,
1453 3991 1496 4048 ut

361 4093 464 4157 nostri
480 4098 576 4176 parte
598 4092 723 4174 dicatis,
750 4091 837 4174 quod
865 4111 1031 4174 speramus
1058 4091 1150 4156 etin
1176 4111 1317 4173 superna
1341 4091 1495 4156 bonitate

357 4197 551 4265 confidimus
568 4198 737 4264 advenisse
753 4204 889 4281 tempus,
906 4218 969 4281 quo
985 4198 1076 4263 brevi
1093 4198 1271 4262 tenendum
1290 4203 1340 4263 est
1364 4197 1496 4263 hostem

361 4306 458 4372 istum
473 4306 677 4373 teterrimum
693 4327 766 4370 cum
783 4311 896 4370 eterna
913 4304 1010 4372 laude
1026 4303 1165 4370 nominis
1191 4305 1362 4371 christiani
1386 4312 1495 4371 exter·

361 4414 481 4478 minari
498 4435 606 4497 posse,
623 4436 721 4498 quum
738 4419 814 4498 post
830 4413 1003 4496 adventum
1020 4412 1160 4478 Romam
1187 4412 1365 4479 Oratorum
1392 4413 1496 4478 Illus-

363 4522 497 4587 trissimi
512 4522 645 4586 Domini
662 4520 764 4585 Ducis
782 4522 984 4603 Burgundio,
1008 4521 1063 4602 qui
1080 4521 1277 4604 obtulerunt,
1302 4523 1410 4604 ipsum
1436 4521 1496 4586 do*
