3268 5308
735 359 970 405 nmnonnczuu
986 343 1152 402 suranna.

918 683 968 742 58.

381 851 477 916 1461.
508 848 538 912 A
555 843 709 909 veleaczei
734 843 947 905 nllamtanocs
963 844 1153 904 bctdrozuta
1169 841 1281 904 latoria
1296 851 1383 904 caecet
1400 839 1504 902 eebc'lrc'

523 953 696 1041 fejedelem
712 948 880 1014 kdvete'nele
896 947 1028 1012 adando'
1044 949 1155 1012 vdluaz
1172 947 1362 1032 ldryya'ban.

379 1149 631 1218 MCCCCLXI.
647 1147 699 1211 die
716 1145 800 1210 XX.
817 1140 972 1226 Augusti.

381 1260 552 1343 Sapientes
569 1255 706 1336 0⁰11⁸ffil
853 1267 949 1352 Quod
975 1267 1153 1350 Spectabili
1179 1265 1314 1333 Oratori
1334 1269 1387 1334 Ill.
1404 1267 1506 1333 Ducis
1622 1308 1623 1311 =

474 1389 489 1422 '
582 1369 604 1427 l·
621 1362 642 1426 f·
659 1369 692 1426 el
809 1376 935 1443 Stefani
952 1375 1063 1442 Sancti
1076 1373 1168 1456 Save,
1178 1377 1234 1459 qui
1250 1375 1293 1440 ad
1309 1377 1506 1458 presentiam

386 1493 570 1572 —L-
578 1468 754 1568 Q}
808 1491 953 1549 nostram
978 1504 1012 1548 se
1034 1483 1173 1547 contulit
1189 1489 1222 1547 et
1238 1490 1390 1550 oretenus
1408 1482 1507 1566 expli-

383 1596 468 1662 cavit
495 1616 533 1659 ac
559 1595 658 1659 etiam
684 1595 717 1658 in
743 1592 872 1675 scriptis
898 1591 1051 1673 exhibuit,
1077 1595 1235 1672 quantum
1260 1590 1336 1655 huic
1362 1589 1508 1656 Consilio

384 1709 495 1767 notum
512 1707 578 1782 est;
602 1700 854 1784 respondeatur:

490 1809 587 1892 Quod
611 1808 747 1892 probis,
764 1829 826 1891 que
842 1807 971 1872 nomine
987 1805 1205 1900 Illustrissimi
1221 1806 1355 1870 Domini
1373 1807 1425 1870 sui
1443 1805 1507 1872 fra·

382 1925 474 1982 terne
491 1922 524 1981 et
540 1915 715 1982 affectuose
726 1914 1124 1996 comunicavitnobiscum,
1135 1913 1311 1996 plurimum
1322 1913 1384 1979 sibi
1394 1935 1506 1996 regra-

382 2025 512 2103 tiamur,
523 2024 614 2106 sique
624 2022 871 2086 illustrissimus
887 2023 955 2106 ejus
965 2021 1050 2086 filius
1062 2020 1236 2102 quicquam
1248 2017 1334 2100 lecit,
1346 2022 1434 2102 quod
1445 2045 1509 2086 mo-

383 2131 499 2196 lestum
515 2131 613 2195 fuerit
623 2129 725 2194 eidem
736 2129 877 2194 Domino
894 2129 989 2211 Duci,
999 2128 1033 2193 id
1044 2127 1191 2212 profecto
1199 2128 1271 2211 jure
1287 2127 1505 2196 fraternitatis

383 2244 418 2304 et
434 2239 574 2304 amicitie
591 2242 701 2303 nostre
717 2237 811 2302 nobis
829 2236 993 2320 displicet;
1016 2237 1251 2319 laudamusque
1269 2235 1508 2302 Excellentiam
1611 2261 1612 2264 ¹

384 2345 486 2412 Suam
500 2367 560 2428 pro
571 2350 693 2430 quanto
704 2345 739 2409 in
749 2343 887 2410 materia
896 2345 963 2408 ista
972 2344 1152 2427 prudenter
1161 2343 1250 2424 fecit,
1267 2349 1299 2408 et
1308 2344 1389 2408 certi
1400 2345 1508 2410 reddi-

383 2475 464 2536 mur,
481 2454 568 2537 quod
584 2451 670 2518 filius
687 2473 763 2519 suus
774 2450 836 2516 sibi
846 2450 1001 2516 obediens
1012 2471 1082 2516 esse
1092 2450 1188 2531 volet,
1205 2452 1442 2517 etamandatis
1454 2474 1510 2536 pa-

384 2561 486 2624 ternis
502 2582 566 2624 non
578 2559 732 2648 discedet,
749 2565 864 2626 etcum
874 2559 992 2625 nostris
1002 2558 1086 2626 bene
1096 2564 1129 2625 et
1141 2561 1249 2642 quiete
1259 2559 1403 2626 vicinare
1415 2562 1511 2628 volet.

492 2665 589 2732 Circa
605 2665 746 2749 domum,
762 2689 861 2751 quam
876 2671 968 2752 petit,
984 2668 1131 2753 profecto
1150 2669 1344 2734 desiderium
1364 2676 1511 2736 nostrum

384 2775 455 2858 suit,
472 2783 505 2841 et
521 2782 571 2840 est
585 2774 790 2842 Excellentie
807 2773 872 2841 Sue
895 2776 1011 2842 libenti
1036 2777 1144 2842 animo
1170 2775 1366 2859 satisfacere,
1393 2779 1452 2844 sed
1475 2785 1511 2844 ut
1629 2767 1631 2834 l

385 2883 470 2949 idem
490 2883 686 2968 Spectabilis
703 2882 827 2949 Orator
842 2885 949 2968 potuit
968 2884 1148 2968 intelligere
1174 2889 1206 2948 et
1232 2883 1352 2966 videre,
1377 2892 1512 2970 propter
1630 2935 1631 2976 3

386 2991 588 3058 conditiones
615 2991 712 3076 hujus
728 2991 818 3056 urbis
835 2997 946 3058 nostre
963 3012 1028 3057 non
1043 2992 1261 3076 reperiuntur,
1277 2993 1341 3056 nisi
1358 3014 1431 3058 cum
1447 3015 1513 3060 ma·
1629 2991 1631 3068 ἶ

384 3101 472 3163 xima
487 3099 682 3164 difficultate
700 3099 814 3166 domus
831 3100 968 3181 venales,
994 3106 1028 3166 et
1052 3100 1190 3165 maxime
1217 3099 1256 3166 de
1281 3100 1348 3166 illis
1373 3123 1436 3185 que
1461 3102 1513 3166 Ill.
1630 3167 1631 3170 ,

384 3204 527 3270 Domino
559 3227 618 3270 suo
644 3208 848 3288 conveniant,
874 3207 931 3273 sed
962 3209 1118 3275 stabimus
1149 3208 1191 3274 ad
1222 3209 1284 3273 hoe
1315 3210 1445 3290 attenti,
1480 3216 1515 3275 et
1630 3205 1631 3208 '

385 3313 622 3397 quamprimum
638 3311 708 3378 fieri
719 3314 849 3394 poterit,
865 3315 899 3378 id
910 3315 1050 3380 libenter
1060 3314 1167 3381 lacere
1178 3315 1372 3398 curabimus
1384 3319 1514 3382 interea

282 3475 286 3482 .
385 3440 460 3484 vero
477 3441 587 3484 sumus
603 3419 686 3486 bene
702 3421 854 3504 contenti,
872 3422 961 3501 quod
981 3424 1064 3488 sicut
1080 3423 1142 3489 sibi
1160 3423 1374 3507 promisimus,
1390 3423 1513 3489 habeat

345 3599 348 3604 ,
386 3523 531 3594 affictum
548 3526 661 3593 domus
677 3528 832 3613 predicte,
859 3531 965 3618 etita
989 3529 1083 3596 illum
1107 3531 1161 3596 hio
1185 3531 1425 3616 quamprimum
1452 3531 1515 3598 sibi
1620 3575 1624 3584 ·

388 3633 458 3698 dari
474 3633 638 3698 faciemus.

494 3737 552 3804 Ad
561 3746 689 3824 partem
698 3748 888 3824 tangentem
897 3745 1049 3811 Bannum
1060 3745 1200 3812 Paulum
1211 3745 1353 3827 Oroatie,
1364 3745 1516 3812 dicimus:

387 3849 475 3931 quod
490 3847 717 3932 intelleximus,
733 3855 889 3932 quantum
906 3852 1112 3918 Excellentia
1120 3854 1223 3919 Ducis
1234 3853 1359 3920 Stefani
1368 3854 1515 3920 fraterne

387 3957 451 4023 dici
477 3957 570 4023 nobis
589 3956 682 4038 lecit,
708 3962 820 4041 estque
844 3957 893 4022 rei
917 3962 1048 4042 veritas,
1074 3961 1162 4044 quod
1193 3960 1278 4026 idem
1303 3963 1440 4027 Bannus
1467 3969 1517 4028 est

386 4067 482 4133 homo
509 4065 719 4132 seandalosus
746 4070 778 4130 et
802 4065 890 4131 illius
918 4066 1118 4148 conditionis,
1144 4089 1241 4152 quam
1256 4069 1416 4134 Dominus
1437 4092 1515 4136 suus

389 4175 514 4252 esserit,
533 4174 694 4258 quomodo
710 4178 884 4257 postquam
900 4175 987 4240 venit
1002 4177 1036 4239 in
1048 4173 1247 4257 Oromtiam,
1263 4199 1432 4260 nunquam
1449 4200 1516 4244 ces·
1612 4162 1615 4167 i

388 4281 469 4346 savit
485 4281 657 4346 molestare
675 4286 708 4344 et
723 4281 909 4362 inquietare
920 4283 1074 4350 Dominos
1091 4283 1337 4350 circumstantes
1348 4291 1380 4350 et
1391 4285 1514 4352 vicinos

388 4409 470 4470 suos,
487 4409 546 4471 pro
562 4409 648 4452 nunc
663 4409 739 4452 vero
755 4408 795 4452 ex
811 4388 872 4470 his,
889 4411 952 4472 que
968 4389 1062 4455 nobis
1079 4399 1261 4474 occurrunt,
1278 4413 1342 4456 non
1352 4393 1512 4477 videmus,

389 4495 467 4578 quid
484 4495 590 4559 dicere
607 4496 780 4579 possimus;
797 4497 854 4561 sed
870 4497 952 4562 bene
970 4502 1091 4564 certum
1105 4520 1174 4563 esse
1186 4499 1335 4565 volumus
1346 4500 1512 4586 prefatum
