3256 5304
483 380 485 389 ,
600 344 694 404 1463.
1150 341 1212 402 267
1282 432 1285 438 .

4 503 6 510 ¹
88 518 212 581 animus
238 523 349 583 noster
374 519 425 599 sit,
451 539 516 599 quo
542 517 681 582 tendant
697 520 860 602 cogitatus
876 519 990 601 nostri,
1014 516 1092 600 quid
1109 515 1215 580 facere

88 627 310 691 statuerimus:
335 625 377 690 ab
395 626 536 692 Oratore
553 630 665 691 nostro
683 623 901 691 serenitatem
918 624 1074 694 Vestram
1091 622 1216 687 intelle-

87 733 169 798 xisse
195 753 261 798 non
287 732 483 816 dubitemne,
510 733 566 817 qui
591 755 651 818 pro
670 739 792 818 quanto
808 735 891 799 vires
908 734 1077 816 patiantur
1093 735 1214 812 nostre,

5 831 6 834 ¹
88 840 174 906 nulla
199 863 240 905 ex
265 848 361 925 parte
387 840 531 907 defuturi
557 863 675 922 sumus,
700 847 737 906 ut
762 842 877 907 honori
904 840 1032 907 Summi
1049 839 1216 906 Creatoris

88 948 189 1012 nostri
205 954 238 1013 et
254 948 428 1014 christiane
439 948 537 1014 saluti
547 949 745 1014 consulatur.
763 948 926 1028 Ceterum,
942 953 978 1012 ut
988 945 1094 1012 officio
1104 952 1216 1012 nostro

90 1056 276 1121 satisfacere
301 1057 471 1141 possimus,
497 1057 639 1140 deligere
666 1060 839 1125 statuimus
865 1056 1039 1123 Oratorem
1060 1060 1216 1134 nostrum,

91 1185 184 1245 quem
209 1165 391 1247 expedituri
408 1186 517 1229 sumus
534 1166 779 1248 quamprimam‚
806 1171 842 1231 ut
859 1164 900 1230 ad
917 1167 1125 1247 conspectum
1142 1159 1216 1226 Oel-

91 1271 238 1336 situdinis
255 1272 375 1339 Vestre
391 1295 425 1338 se
442 1272 597 1355 conserat,
614 1279 790 1355 nostroque
807 1275 935 1360 nominc
952 1271 1047 1337 simul
1063 1293 1135 1336 cum
1152 1269 1217 1335 alio

90 1377 229 1444 Oratore
254 1386 373 1457 nostro,
399 1379 486 1444 felici
512 1380 724 1447 Coronationi
740 1380 860 1450 Vestre
883 1382 1022 1461 intersit,
1048 1384 1183 1461 congrat
1206 1416 1217 1427 ·

4 1517 6 1526 ¹
89 1487 256 1570 lenturque
273 1489 336 1571 ipsi
352 1489 594 1555 nostris'verbis
611 1490 783 1574 Majestati
800 1491 929 1569 Vestra,
954 1490 987 1553 in
1004 1489 1096 1573 cujus
1113 1487 1219 1571 splen·

91 1597 199 1662 dorem
225 1603 258 1661 et
284 1597 419 1663 comoda
444 1601 513 1662 toto
538 1600 655 1663 mentis
682 1599 800 1664 affectu
827 1604 994 1686 promptos
1011 1618 1071 1662 nos
1089 1617 1217 1679 semper

4 1689 5 1784 Q
91 1725 158 1770 esse
174 1704 372 1788 pollicemur.

4 1897 6 1904 Ι
196 1811 321 1880 Verum
331 1834 371 1876 ex
381 1836 467 1878 nunc
477 1821 606 1898 captum
619 1815 672 1896 sit,
689 1814 776 1897 quod
788 1815 929 1897 eligatur
946 1813 986 1878 de
1002 1813 1144 1897 presenti
1160 1834 1219 1895 per

4 1947 6 1968 ·
93 1922 303 2004 scrnptinium
313 1923 347 1986 in
363 1923 426 1987 isto
439 1919 584 1988 Consilio
601 1944 684 1987 unus
698 1929 811 1988 noster
826 1921 1026 1992 honorabilis
1037 1920 1160 1987 Orator
1178 1921 1221 1984 ad

92 2028 253 2110 prefatum
270 2029 519 2096 Serenissimum
535 2031 661 2112 Regem
678 2036 710 2094 et
727 2037 785 2094 ect.
823 2031 867 2100 ltlt
893 2035 1025 2113 captum
1049 2030 1099 2110 sit,
1134 2027 1220 2111 qnod

4 2147 5 2208 ἶ
95 2143 268 2220 postquam
294 2137 383 2203 facta
408 2139 508 2204 suerit
534 2138 701 2204 coronatio
727 2137 848 2221 prelati
878 2136 1083 2203 Serenissimi
1109 2135 1221 2218 Regis,

91 2245 273 2326 repatriare
290 2245 416 2311 debeat.

197 2352 240 2437 -l-
291 2357 352 2418 145
400 2391 444 2400 -
489 2359 511 2419 4
560 2394 597 2404 -
650 2361 677 2419 1.

197 2531 261 2596 Die
279 2531 422 2598 XXIII.
439 2532 614 2618 Februarij
636 2537 730 2598 1463.

4 2691 7 2752 ¹:
93 2637 277 2724 0⁰¹¹Sfllaril
290 2637 312 2744 l
407 2657 503 2742 Quod
528 2658 600 2724 loco
616 2657 691 2725 Viri
719 2658 848 2728 Nobilis
864 2657 1006 2725 Joannis
1024 2656 1222 2741 Superantii,

5 2761 6 2790 ³
95 2765 148 2846 qui
164 2787 202 2829 ex
219 2768 413 2851 necessarijs
429 2768 535 2832 causis
553 2773 585 2831 et
600 2768 802 2851 respectibus
819 2768 913 2834 nobis
925 2767 1099 2833 declaratis
1107 2785 1223 2829 renun-

5 2869 7 2950 ξ
96 2871 198 2951 tiavit‚
214 2893 273 2937 nec
288 2874 336 2936 ire
352 2878 470 2955 potest,
489 2874 609 2940 Orator
626 2875 668 2940 ad
686 2872 936 2948 Serenissimum
952 2873 1077 2956 Regem
1088 2871 1224 2952 Hunga·

5 2955 7 3026 l
95 2977 141 3040 rie
161 2979 301 3061 eligatur
327 2981 366 3046 de
381 2982 525 3064 presenti
541 3004 599 3064 per
616 2983 832 3066 scruptinium
848 2983 882 3047 in
897 2984 959 3050 isto
977 2981 1123 3048 Consilio
1140 2999 1223 3043 unus

5 3131 7 3189 ξ
94 3091 202 3150 noster
218 3087 420 3153 honorabilis
438 3085 560 3154 Orator
577 3089 619 3154 ad
635 3090 741 3172 ipsum
757 3111 866 3174 regem
883 3094 916 3155 et
932 3095 990 3155 ect.

199 3193 354 3279 ella
401 3234 444 3243 ·-
494 3201 533 3260 29
582 3234 625 3242 —
673 3201 701 3260 1.

484 3302 678 3389 (Giustiniai
693 3304 837 3375 Fercncz
855 3303 1063 3370 valasztatctt
1079 3299 1178 3387 meg.)

202 3464 359 3525 (Velenczei
372 3466 550 3530 allamkbnyv
566 3472 625 3516 230.
640 3468 669 3528 l.)
