3268 5308
736 360 967 410 brenonnoarar
986 342 1151 404 auriliana.

921 691 970 750 52.

384 854 478 917 1460.
507 849 533 916 A
548 850 701 915 velencaei
717 854 829 914 tondes
846 852 1039 914 aarorozara
1057 872 1078 913 a
1095 851 1240 915 banaiae·
1256 848 1370 932 kirdly
1391 846 1506 912 kbvetd·

533 959 594 1022 nek
611 983 632 1022 a
649 959 738 1023 torok
755 957 877 1044 r‘lpyben
894 955 1030 1022 adandd
1045 957 1155 1022 odlaaz
1171 956 1366 1042 tdrpydban.

383 1152 614 1222 MOOOOLX.
631 1151 826 1219 diedecima
844 1150 1048 1218 Novembris.

385 1262 555 1348 Sapientes
573 1259 708 1344 00¹¹Sllll
904 1276 1001 1362 Quod
1026 1277 1216 1344 Reverendo
1242 1277 1328 1361 patri
1356 1275 1398 1341 D.
1415 1277 1509 1360 Epis-

463 1395 478 1430 ’
571 1374 593 1433 l·
610 1367 631 1432 f·
814 1405 895 1470 copo
905 1387 1010 1468 None,
1026 1391 1059 1450 et
1069 1382 1215 1468 Collegis
1226 1386 1303 1465 suis,
1313 1381 1511 1449 Oratoribus

385 1473 754 1576 *jn-Q&
816 1491 926 1558 Seren.
943 1492 1043 1576 Regis
1064 1493 1212 1574 Bossine,
1236 1492 1291 1575 qui
1317 1492 1360 1557 ad
1385 1515 1512 1576 presen-

382 1604 465 1668 tiam
481 1608 627 1690 postram
643 1622 676 1665 se
693 1601 900 1668 contulerunt
915 1606 1036 1682 etpost
1052 1599 1211 1665 nonnulla
1238 1599 1336 1664 verba
1346 1600 1512 1682 generalia

384 1708 585 1774 declarantia
599 1707 726 1792 Regem
751 1709 857 1792 ipsum
884 1728 955 1772 esse
972 1729 1085 1772 verum
1103 1707 1217 1772 christi
1233 1706 1373 1791 fidelem,
1397 1707 1440 1772 ad
1455 1707 1513 1772 has

384 1817 520 1882 tandem
544 1818 822 1901 particularitates
847 1818 1062 1883 devenerunt:
1098 1815 1211 1881 Primo
1236 1815 1396 1894 videlicet,
1429 1815 1515 1898 quod

384 1930 517 2010 propter
532 1925 760 2008 gravissimum
775 1925 963 2008 periculum,
980 1923 1068 2004 quod
1080 1920 1146 1989 Sue
1157 1921 1336 1988 Serenitati
1351 1930 1385 1989 et
1396 1923 1511 2007 Regno

385 2055 443 2098 suo
460 2032 625 2100 imminere
642 2035 815 2116 cognoscit,
833 2040 1002 2099 contentus
1019 2038 1078 2112 est,
1102 2038 1140 2098 ut
1160 2033 1372 2116 suscipiamus
1393 2039 1514 2098 statum

386 2142 529 2208 suumin
545 2163 612 2220 noe,
630 2139 830 2207 defendendo
847 2142 939 2206 illum
955 2148 1068 2206 contra
1086 2143 1310 2226 oppressiones
1322 2142 1512 2224 Turoornm,

386 2250 539 2333 quodque
555 2270 627 2314 cum
644 2269 783 2330 persona
801 2270 861 2314 sua
871 2250 1024 2334 persistet
1034 2249 1076 2314 ad
1086 2250 1156 2334 ejus
1167 2250 1346 2316 tuitionem.
1364 2248 1513 2315 Secundo

387 2357 458 2420 loco
483 2354 640 2437 dicerunt,
666 2356 755 2438 quod
781 2355 809 2420 si
824 2353 912 2420 istud
928 2375 994 2420 non
1008 2355 1183 2421 videbatur
1200 2355 1293 2420 nobis
1308 2377 1415 2439 agere,
1443 2379 1513 2440 pro-

387 2463 567 2530 videremus
593 2464 633 2529 de
659 2462 890 2548 stipendiarijs,
916 2484 955 2528 ao
972 2463 1012 2528 de
1029 2461 1196 2546 Salnitrio,
1222 2469 1256 2528 et
1272 2463 1516 2545 munitionibus,

388 2591 460 2635 cum
476 2572 592 2653 quibus
608 2593 641 2637 se
657 2571 829 2637 defendere
845 2577 963 2654 posset.
980 2570 1097 2637 Tereia
1116 2571 1278 2655 petierunt
1293 2593 1393 2636 unum
1409 2571 1515 2638 locum

387 2684 544 2759 nostrum,
568 2677 611 2744 ad
635 2700 730 2764 quem
754 2680 840 2746 idem
857 2679 968 2747 Seren.
984 2682 1052 2745 Rex
1068 2681 1197 2747 mittere
1213 2682 1317 2765 possit
1332 2702 1468 2746 uxorem
1485 2688 1516 2748 et
1630 2685 1632 2706 '

388 2786 547 2853 familiam
563 2809 664 2870 suam,
682 2795 715 2854 et
731 2788 878 2856 similiter
895 2791 993 2856 etiam
1009 2812 1148 2874 persona
1164 2813 1225 2857 sua
1235 2791 1330 2856 facile
1342 2791 1514 2876 compelle·

388 2905 487 2963 retur.
512 2895 638 2964 Ultimo
663 2897 735 2963 loco
759 2896 1009 2964 declaraverunt
1034 2901 1128 2966 nobis
1153 2922 1290 2983 pravum
1315 2900 1459 2966 animum
1485 2906 1518 2964 et

387 3008 559 3090 pessimum
580 3007 825 3092 dispositionem
842 3005 979 3074 Comitis
996 3007 1094 3074 Pauli
1111 3007 1292 3093 Spernaich
1309 3007 1386 3094 (sic)
1403 3015 1518 3082 contra

388 3136 457 3196 nos,
482 3116 633 3198 quodque
658 3115 886 3198 provideamus
912 3125 970 3182 eet.
987 3123 1047 3183 ect.
1087 3115 1181 3182 Sicut
1198 3138 1255 3202 per
1272 3116 1518 3183 serenissimum
1630 3155 1632 3168 ι

388 3219 566 3286 Dominum
577 3222 704 3287 Ducem
721 3224 796 3288 huic
813 3224 956 3292 Oonsilio
973 3226 1114 3292 relatum
1132 3234 1189 3292 est.
1205 3225 1473 3312 Respondentur:

496 3325 594 3412 Quod
611 3329 840 3412 intelleximus,
856 3340 1014 3416 qnantum
1032 3337 1094 3419 ipsi
1106 3333 1264 3401 Oratores
1274 3342 1368 3420 parte
1380 3333 1519 3401 Serenis

389 3433 491 3516 Regis
509 3435 647 3502 Bossine
675 3439 766 3505 nobis
791 3440 968 3523 prudenter
996 3449 1222 3526 exposuerunt.
1257 3442 1302 3508 nt
1330 3466 1520 3527 quanquam

389 3542 513 3608 nullum
538 3565 681 3626 unquam
707 3546 840 3615 dubium
868 3549 955 3635 apud
981 3569 1039 3614 nos
1055 3549 1163 3634 fuerit,
1188 3552 1287 3618 inimo
1304 3552 1521 3617 certissimum

390 3650 588 3715 tenuerimus
600 3650 818 3720 Serenitatem
836 3655 935 3725 Suam
953 3656 1052 3724 fuisse
1069 3681 1197 3745 semper
1210 3682 1249 3725 ac
1265 3647 1419 3726 odulinue
1436 3660 1523 3725 futu·

390 3778 460 3821 ram
486 3779 553 3823 esse
580 3781 690 3827 verum
716 3762 830 3828 christi
856 3765 985 3832 fidelem
1012 3773 1205 3851 pergratum
1221 3774 1330 3834 tamen
1346 3768 1522 3834 admodum

390 3865 483 3930 nobis
493 3865 555 3934 fuit
572 3867 613 3933 ab
631 3870 712 3952 ipsis
728 3868 826 3936 etiam
837 3868 1033 3941 Oratoribus
1043 3875 1227 3960 intelligere
1237 3877 1392 3943 moderna
1402 3876 1522 3942 fidelis-

390 3975 473 4039 sima
498 3980 531 4039 ct
556 3975 826 4045 christianissima
851 3999 959 4064 opera,
984 4004 1047 4066 que
1073 3982 1166 4049 nobis
1184 3983 1437 4068 explicaverunt,
1461 4005 1522 4067 pro

390 4082 507 4166 quibus
523 4081 685 4171 Majostas
701 4084 769 4152 Sua
786 4109 981 4172 magnopere
1002 4088 1170 4158 laudanda
1195 4099 1228 4158 et
1254 4092 1440 4158 extollenda
1465 4097 1523 4158 est.

498 4191 596 4258 Circa
620 4201 745 4277 partem
771 4195 954 4277 oblationis,
979 4204 1085 4264 status
1102 4201 1162 4281 sui,
1187 4203 1406 4284 regratiamur
1421 4201 1524 4283 pluri-

392 4318 478 4364 mum
491 4296 574 4364 Cels.
587 4298 666 4384 Sue;
683 4323 743 4367 nec
759 4303 888 4370 videtur
903 4305 1000 4370 nobis
1016 4307 1162 4372 honestis
1174 4312 1206 4372 et
1217 4307 1406 4373 decentibus
1416 4309 1525 4372 causis

392 4405 483 4471 alind
499 4428 592 4490 posse
609 4409 724 4492 dicere,
743 4418 778 4477 at
795 4435 869 4479 vero
887 4413 1081 4481 confidimus
1097 4416 1130 4478 in
1147 4415 1296 4481 bonitate
1306 4415 1425 4498 divina,
1442 4417 1526 4480 etin
1589 4449 1591 4454 ·

393 4513 496 4577 multa
522 4516 651 4596 virtute,
676 4519 838 4601 sapientia
859 4529 891 4586 et
908 4524 1180 4605 magnanimitate
1198 4543 1264 4606 sua,
1289 4523 1377 4605 quod
1393 4520 1525 4606 qnando
