3256 5304
572 402 574 406 -
646 359 741 432 1463.
991 333 993 338 ’
1197 362 1261 436 aaa
1315 367 1321 380 ’

127 546 247 625 mania,
274 543 431 608 Bohemie
458 551 491 609 et
517 545 669 609 Polionie
701 567 762 626 pro
794 542 948 608 sedandis
974 551 1007 609 et
1033 549 1263 628 componendis

126 653 225 718 rebus
240 650 315 730 illis,
341 658 442 734 utque
468 651 639 735 Principes
664 659 698 716 et
723 657 913 735 potentatus
943 652 992 716 illi
1018 655 1200 720 excitentur
1232 661 1265 719 et

126 762 350 826 inanimentur
367 760 411 824 ad
428 759 589 842 agendum
605 761 733 844 potenti
748 781 850 825 manu
867 767 983 826 contra
1000 762 1086 828 hunc
1102 762 1265 828 immanis-

129 871 248 948 simum
265 869 401 932 hostem.

239 975 275 1041 si
290 974 378 1040 idem
395 974 631 1044 Serenissimus
652 977 727 1042 Rex
743 983 915 1043 contentus
940 979 1003 1043 erit
1029 983 1061 1043 et
1086 977 1266 1044 conforma·

128 1085 220 1148 bitur
237 1105 310 1148 oum
325 1082 389 1148 hae
412 1085 592 1149 intentione
617 1091 747 1149 nostra:
774 1105 884 1149 sumus
900 1086 1043 1150 contenti
1060 1092 1094 1150 et
1109 1085 1264 1167 volumus,

130 1193 218 1275 quod
234 1193 268 1256 in
280 1191 350 1256 Dei
366 1193 495 1256 nomine
511 1193 723 1258 concludatis
738 1193 884 1276 Ideoque
899 1194 1058 1258 mittimus
1078 1194 1167 1259 vobis
1195 1215 1266 1276 pre·

130 1300 280 1367 sentibus
320 1300 515 1382 implicitum
551 1300 746 1366 sindieatum
772 1307 804 1366 et
829 1301 1022 1368 mandatum
1052 1309 1200 1367 nostrum
1230 1302 1264 1365 in

131 1409 257 1492 optima
272 1407 377 1472 forma
393 1407 582 1489 confectum,
608 1409 761 1491 possendi
786 1416 898 1474 nostro
922 1411 1052 1474 nornine
1075 1409 1266 1492 promittere

131 1524 164 1580 et
182 1515 341 1600 stipulare
360 1523 571 1582 contractum.

241 1625 293 1688 De
310 1631 403 1708 parte
469 1666 502 1674 -
554 1662 596 1672 -
646 1629 718 1691 160.

240 1733 292 1798 De
309 1756 373 1799 non
466 1769 508 1780 —
555 1771 598 1780 -—
689 1735 719 1796 4.

234 1841 317 1924 *Non
334 1842 451 1906 sinceri
468 1879 510 1886 --
559 1877 599 1886 -
693 1847 722 1904 6.

241 2002 400 2066 (Velenczei
414 2005 596 2068 allamkbnyv
612 2009 669 2053 164.
684 2005 714 2062 l.)

671 2346 742 2408 141.

138 2510 233 2572 1463.
259 2510 290 2572 A
318 2508 469 2572 releuaret
493 2509 713 2572 (tltamtuortcs
739 2506 843 2604 Aymo
868 2505 974 2573 ιῙάηοε
999 2509 1266 2593 moqyarorezu‘qi

5 2643 27 2696 ᾗ·
137 2619 257 2682 bovatae
282 2619 434 2702 retasitja,
459 2620 540 2702 hqqq
565 2619 827 2702 Mopyororsqu
852 2616 1000 2702 Ica'rdlyctt
1025 2641 1047 2680 a
1072 2617 1164 2681 ibrolo
1190 2617 1269 2678 olleo

136 2727 248 2789 hadra
258 2725 416 2802 heraclitae,
427 2725 596 2788 sir-tesitoe'o
607 2725 700 2788 arrei
711 2725 751 2801 is,
762 2728 842 2810 bopy
851 2730 925 2788 metr
935 2750 955 2788 a
966 2725 1267 2810 oeleocaafSiynore'o

135 2859 156 2894 a
183 2835 278 2898 tbrblc
305 2833 386 2897 ellan
411 2833 495 2918 aytlt
520 2834 716 2896 trieteridem
740 2833 851 2896 iudam
876 2835 909 2895 e's
934 2859 955 2896 a
980 2833 1196 2913 feiedelmeket
1222 2855 1267 2893 se-

568 2943 678 3026 9o'iyre
694 2941 846 3005 serkeati.

134 3135 429 3203 MOOOOLXHI.
446 3138 497 3202 die
515 3137 641 3203 XIIII.
658 3136 812 3220 Augusti.

245 3244 305 3310 Ser
321 3245 443 3310 ‚Ioanni
471 3243 570 3310 Aimo
597 3246 702 3329 militi,
729 3245 863 3312 Oratori
888 3250 1003 3309 nostro
1027 3244 1069 3308 ad
1098 3241 1269 3310 Serenissi-

134 3377 224 3418 mum
240 3352 369 3435 Regem
386 3353 567 3436 Hungarie.

242 3459 413 3540 Volumus,
447 3461 535 3543 quod
560 3461 612 3524 his
635 3459 769 3542 habitis,
800 3458 929 3524 adeatis
954 3463 1151 3544 presentiam
1176 3463 1270 3527 istius

136 3569 345 3635 Serenissimi
380 3568 491 3652 Regia,
526 3570 577 3633 oui
601 3569 730 3634 nomine
755 3574 867 3632 nostro
893 3568 1026 3635 dicetis:
1053 3570 1141 3652 quod
1166 3591 1270 3652 nuper

138 3677 252 3742 multis
269 3676 375 3742 modis
392 3676 434 3742 ad
450 3677 601 3742 notitiam
618 3681 766 3742 nostram
774 3677 932 3759 pervenit,
943 3677 1157 3760 Majestatem
1168 3675 1269 3742 Suam

137 3808 210 3850 oum
227 3785 443 3852 serenissimo
459 3785 665 3869 Imperatore
682 3785 725 3850 ad
740 3786 861 3850 bonam
877 3786 1084 3850 concordiam
1103 3792 1135 3850 et
1151 3785 1269 3850 intelli·

137 3895 286 3977 gentiam
303 3895 480 3976 devenisse,
497 3893 717 3976 habuisseque
734 3892 899 3958 Coronam
914 3892 1032 3976 Regni.
1048 3891 1101 3958 De
1118 3915 1181 3976 quo
1198 3914 1271 3976 pro-

134 4001 220 4067 fecto
238 4003 405 4084 singulare
420 4002 587 4085 gaudium,
612 4002 866 4084 immensamque
891 4000 1031 4065 letitiam
1055 4001 1195 4066 assecuti
1222 4022 1271 4064 su·

135 4132 214 4176 mus.
249 4108 335 4175 Oum
360 4107 692 4175 enim'Serenitatem
718 4107 819 4174 Suam
845 4110 1061 4176 sincerissime
1087 4109 1271 4190 diligamus,

134 4220 305 4300 omnisque
322 4219 391 4302 ejus
407 4217 540 4282 honoris
557 4225 590 4282 et
608 4217 710 4298 glorie
727 4238 925 4301 magnopere
943 4216 1055 4300 cupidi
1067 4219 1175 4297 simus,
1189 4215 1270 4280 nihii

137 4333 195 4409 est,
211 4327 300 4408 quod
317 4325 454 4390 comoda
470 4332 502 4390 et
527 4325 792 4390 sublimationem
819 4349 911 4391 suam
939 4345 1133 4390 concernere
1159 4325 1272 4407 possit,

139 4434 224 4516 quod
242 4455 308 4498 non
325 4435 369 4498 sit
385 4433 478 4498 nobis
494 4433 542 4498 ita
558 4439 698 4515 gratum,
714 4435 761 4498 ita
781 4433 1027 4516 perjucundum,
1054 4434 1138 4498 siout
1154 4434 1187 4497 in
1214 4455 1272 4496 nos

139 4544 226 4626 ipsos
246 4542 404 4606 collatum
422 4548 515 4606 esset.
