3268 5308
526 377 530 384 ·
655 357 748 421 1461.
1223 378 1264 437 89

138 526 259 602 noster,
288 545 343 588 seu
368 531 621 596 recommendati
647 538 757 618 nostri,
783 546 816 604 et
842 540 874 604 in
900 563 937 606 eo
965 549 1186 627 protendimus
1202 552 1265 617 Jus

138 626 270 712 habere,
288 631 364 697 licet
380 655 438 717 per
455 633 616 705 Comitem
632 641 772 710 Paulum
788 647 887 713 fuerit
913 662 1103 734 occupatus:
1128 659 1263 742 ideoque

138 735 308 804 hortamur
320 746 352 805 et
362 763 513 825 rogamus
523 749 953 830 prefatumIllustrissimum
961 759 1094 845 Ducem,
1105 771 1263 833 utcontra

34 920 37 926 ¹
138 844 263 910 dictum
279 845 383 912 locum
394 850 498 918 Olisse
515 855 614 921 aliam
631 859 871 928 innovationem
887 865 994 932 facere
1010 892 1075 935 non
1091 874 1176 958 volit,
1193 881 1260 942 tam
1315 940 1318 946 .

135 972 175 1014 ex
194 952 245 1016 hio
263 975 324 1036 que
342 956 490 1043 diximuS,
507 985 604 1045 quam
621 987 659 1030 ex
677 969 764 1034 ornni
781 972 846 1037 alio
863 971 948 1038 bono
966 983 1124 1059 respectu.

244 1061 286 1144 ΔΓ
335 1068 397 1129 116
536 1079 554 1137 3
602 1109 645 1118 -
693 1082 721 1141 5.

243 1221 401 1288 (Velenczei
414 1231 594 1300 allamkiinyv
609 1243 650 1288 57.
664 1241 694 1302 l.)

619 1415 777 1424 ξ*-

670 1577 721 1639 61.

36 1713 37 1716 “
133 1729 229 1790 1461.
244 1729 304 1792 Pa'l
314 1732 553 1819 horodtomza'qa'
569 1734 631 1799 1616
647 1737 815 1802 1666166616
826 1764 847 1804 6
865 1742 1017 1808 6616666661
1032 1746 1258 1836 1666166666619-

437 1842 492 1904 hoa
513 1841 638 1907 inte'zett
657 1844 793 1908 lto'relma'
813 1851 954 1934 pontjoi.

129 1992 387 2064 mooccuxr.
405 1998 456 2063 ue
473 1979 713 2068 66566666.

238 2104 311 2169 Η66
327 2113 422 2172 sunot
439 2105 595 2191 Capitula
611 2118 764 2193 porrecta
779 2137 838 2198 per
855 2115 1013 2184 Oratores
1036 2122 1144 2187 Banni
1160 2122 1258 2188 Pauli

127 2209 332 2294 Sperancich
349 2211 481 2280 Croatie
497 2220 530 2280 et
542 2223 601 2282 eet.

236 2321 281 2384 El
292 2320 410 2404 Signor
421 2323 495 2388 Ban
506 2323 548 2389 da
559 2327 681 2392 noticia
692 2329 1040 2418 alaSerenitaVostra,
1050 2337 1109 2402 che
1120 2339 1163 2404 ha
1173 2362 1257 2405 com-

8 2431 10 2480 3
126 2425 359 2495 mandamento
376 2432 431 2496 dal
448 2430 513 2498 Suo
531 2431 651 2516 Signor
667 2435 718 2500 Re
735 2436 774 2501 de
791 2437 976 2524 Hungaria‚
991 2442 1063 2508 chel
1088 2445 1185 2512 debia
1201 2449 1257 2513 ha-

8 2519 10 2572 l
126 2557 183 2599 666
199 2536 471 2621 bonavicinanza,
492 2541 637 2605 amicitia
648 2564 708 2606 con
720 2543 752 2606 16
763 2543 916 2628 Signoria
932 2549 1064 2632 Vestra,
1085 2555 1157 2618 6161
1169 2553 1256 2620 dicto

8 2637 10 2694 1
127 2643 251 2728 Signor
268 2645 342 2710 Bau
359 2668 393 2712 66
410 2647 508 2714 offere
524 2650 558 2714 in
574 2655 644 2714 tuto
660 2649 832 2726 obseruare
848 2655 881 2721 la
900 2659 1102 2724 commission
1120 2660 1173 2726 del
1190 2661 1255 2729 Suo

8 2747 10 2832 1
127 2751 257 2836 Signor,
289 2761 322 2820 et
346 2756 435 2822 ultra
460 2779 494 2822 66
520 2760 663 2826 efferisse
689 2781 777 2826 esser
802 2765 947 2830 servidor
978 2766 1138 2850 dequella,
1166 2769 1255 2834 dum-

8 2933 10 2958 ᾐ
126 2861 223 2927 modo
241 2862 272 2927 el
296 2885 360 2930 non
387 2865 435 2930 sia
454 2872 567 2932 contra
592 2868 709 2934 lhonor
735 2869 832 2936 dela
858 2869 990 2938 Corona
1015 2874 1055 2938 de
1080 2875 1255 2959 Hungaria

8 2961 9 2980 *
125 2972 195 3034 toto
213 2990 320 3052 posse.

234 3076 392 3161 Secunde,
415 3080 582 3146 domanda
598 3082 629 3148 61
645 3083 714 3150 dito
732 3084 850 3169 Signor
869 3084 951 3168 Ban,
974 3087 1034 3153 che
1049 3088 1083 3154 la
1100 3087 1254 3174 Signoria

126 3181 249 3250 Vestra
266 3186 297 3250 el
312 3187 397 3270 togli
412 3189 446 3252 in
462 3193 647 3272 protection
663 3198 697 3258 et
712 3195 861 3260 custodia
878 3216 935 3261 sua
945 3215 1005 3260 con
1021 3194 1055 3261 la
1069 3218 1211 3280 persona
1221 3205 1254 3264 et
1344 3199 1346 3203 ’

125 3313 185 3356 con
201 3292 233 3357 el
248 3293 403 3360 Dominio
420 3294 497 3378 Suo,
514 3304 548 3364 et
564 3299 702 3364 maxime
718 3302 730 3365 i
746 3301 874 3366 castelli
899 3303 939 3368 dc
956 3301 1065 3370 Olissa
1091 3311 1124 3370 et
1141 3306 1254 3372 Ostro-

8 3405 10 3450 1
125 3401 196 3465 viza
212 3419 273 3464 con
292 3401 323 3466 le
349 3423 405 3468 suo
430 3405 633 3488 pertinentia,
652 3407 771 3490 perche
796 3409 898 3492 quelli
923 3431 1001 3474 sono
1027 3411 1083 3493 piu
1107 3414 1253 3495 proxime

125 3509 174 3574 alc
192 3514 281 3574 torre
298 3511 337 3577 de
352 3513 386 3578 la
402 3511 556 3595 Signoria
572 3517 705 3585 Vestra.

236 3618 352 3685 Tercio
369 3620 533 3688 domanda
550 3625 580 3688 el
597 3626 684 3692 dioto
700 3625 775 3690 Ban
792 3648 825 3694 sc
842 3626 973 3693 6116666
1001 3628 1138 3709 qualche
1164 3627 1254 3694 diffe-

125 3728 242 3806 rentie,
261 3746 338 3793 over
354 3731 515 3811 novitade,
531 3732 589 3798 ohe
605 3732 692 3799 insse
704 3732 788 3800 facte
798 3757 856 3820 per
868 3737 878 3800 i
888 3735 1030 3818 Rectori,
1047 3757 1121 3801 over
1132 3735 1253 3800 subditi

127 3832 164 3898 de
179 3835 213 3899 16
231 3834 386 3920 Signoria
403 3838 528 3905 Vestra
544 3861 620 3906 over
636 3863 695 3924 per
710 3842 734 3906 li
750 3843 860 3908 Banni
876 3842 1018 3926 paneadi,
1034 3863 1109 3908 over
1127 3865 1185 3926 per
1201 3844 1252 3906 lor

8 4023 9 4030 ἵ
126 3941 258 4024 subditi,
286 3943 344 4007 che
362 3965 395 4008 66
411 3966 510 4028 possa
526 3946 655 4013 riveder
670 3969 728 4032 per
744 3949 821 4014 boni
845 3949 976 4014 hcmcni
1002 3949 1042 4012 de
1068 3971 1133 4015 una
1157 3956 1251 4032 parte

126 4050 212 4114 etde
228 4050 378 4116 laltraet
402 4052 596 4119 achonzarle
616 4061 649 4120 et
665 4055 770 4120 finirle
789 4055 902 4120 ordine
923 4055 1015 4137 juria,
1028 4083 1030 4086 ·
1041 4055 1160 4120 auoche
1185 4078 1251 4120 una

126 4164 216 4238 parto
237 4158 357 4224 elaltra
380 4183 479 4244 possa
510 4163 609 4228 haver
639 4163 674 4228 la
701 4185 760 4228 sua
785 4161 1000 4229 Jurisdiction
1034 4162 1251 4229 amicabiliter

127 4269 158 4327 et
173 4264 320 4349 benigne.

231 4371 359 4456 Quarto
378 4371 542 4442 domanda
557 4378 587 4442 el
599 4378 686 4442 dicto
697 4377 779 4459 Bau,
797 4375 858 4442 che
871 4377 905 4443 la
916 4377 1068 4461 Signoria
1078 4377 1201 4446 Vostra
1217 4378 1248 4444 lo

129 4479 311 4564 sovegni,de
323 4481 401 4564 qual
411 4482 508 4568 longo
519 4485 529 4548 i
539 4485 634 4570 piaxe
646 4484 685 4551 de
696 4483 1103 4568 arme,ballestre,poluere
1114 4485 1154 4551 do
1164 4485 1251 4550 bom·
