3256 5304
564 403 565 407 ’
627 387 721 450 1463.
1177 384 1239 448 235

105 572 189 630 sent.
214 565 261 630 Et
279 565 321 629 de
338 562 486 628 omnibus
504 563 752 646 diligentissime
777 585 850 627 cum
873 562 1010 626 veritate
1035 561 1240 642 informatus

106 674 300 756 priusquam
317 695 356 736 ex
373 669 509 755 Spaleto
526 671 683 753 discedas,
703 692 891 755 quecunque
906 670 972 734 tuis
998 669 1118 734 litteris
1143 669 1237 734 nobis

106 781 295 848 denotanda
310 780 450 864 curabiS,
461 786 494 844 et
509 782 556 845 ita
570 780 778 862 sufficienter,
795 786 831 843 ut
841 779 923 843 nihil
933 783 1042 859 restet,
1059 778 1137 860 quid
1147 778 1234 843 circa

107 912 162 956 res
178 889 328 955 illasate
340 889 525 954 desiderare
541 891 710 971 possimus.
727 888 808 952 Illos
824 891 931 951 autem
942 885 1167 967 Bossinonses,
1184 886 1240 967 qui

110 997 242 1081 Spaleti
259 1004 344 1078 sunt,
360 997 454 1062 bonis
467 997 574 1062 verbis
592 1019 704 1062 suasos
720 1003 753 1061 et
768 1000 936 1060 contentos
953 993 1059 1060 facere
1079 999 1112 1058 et
1131 999 1242 1062 teucro

108 1103 314 1191 procurabis.
402 1115 404 1118 '
1160 1187 1162 1190 ι

220 1213 272 1278 De
305 1211 439 1296 Spaleto
472 1213 642 1301 expeditus
680 1214 742 1279 iter
772 1218 865 1277 tuum
897 1210 1095 1277 accelerabis
1130 1229 1240 1275 versus

114 1319 380 1387 Illustrissimum
396 1318 522 1385 Ducem
542 1319 753 1403 Stephanum,
769 1322 825 1387 ubi
844 1320 935 1384 illum
947 1341 1017 1384 esse
1033 1318 1242 1400 intellexeris,

110 1429 164 1494 cui
181 1430 380 1512 presentatis
405 1429 526 1493 litteris
551 1429 673 1493 nostris
699 1429 959 1510 credentialibus,
974 1427 1134 1509 factisque
1160 1425 1245 1489 salu·

110 1537 294 1603 tationibus
312 1542 344 1601 et
360 1536 582 1602 oblationibus
599 1560 660 1620 pro
677 1558 767 1604 more
784 1535 1059 1618 convenientibus,
1088 1535 1195 1598 dicere
1211 1538 1245 1597 et

110 1667 275 1730 exponere
291 1644 428 1710 debeas:
445 1645 531 1728 quod
548 1646 678 1729 quando
695 1647 738 1710 ad
754 1669 812 1710 nos
828 1645 968 1710 allatum
983 1644 1045 1708 fuit
1056 1643 1095 1708 de
1112 1663 1245 1726 oppres-

112 1756 212 1838 sione,
229 1775 326 1836 quam
342 1753 594 1818 immanissimus
611 1754 716 1818 hostis
732 1754 809 1818 fidei
825 1755 863 1834 ei,
890 1753 1055 1836 statuique
1079 1773 1146 1830 suc,
1171 1754 1246 1833 post

112 1863 208 1944 regni
224 1861 362 1925 Bossine
379 1862 547 1943 excidium,
565 1862 718 1945 regisque
738 1863 987 1927 trucidationem
1005 1859 1173 1937 inferebat,
1191 1857 1247 1921 do-

113 1971 218 2036 lorem
245 1975 277 2034 et
308 1969 547 2053 displicentiam
578 1971 791 2054 sumpsimuS,
817 1987 915 2053 quam
947 1975 1036 2034 certe
1068 1967 1247 2051 exprimere

112 2077 222 2143 verbis
237 2101 303 2143 non
319 2099 495 2162 possemus,
511 2085 580 2143 tum
597 2079 638 2144 ob
656 2100 801 2142 amorem
816 2083 848 2143 et
874 2077 1016 2143 studium
1041 2082 1190 2140 nostrum
1214 2075 1248 2140 in

116 2207 229 2252 omues
246 2187 441 2252 christianos
458 2186 641 2269 Principes,
657 2191 727 2249 tum
745 2206 822 2251 vero
837 2185 879 2250 ob
906 2187 1103 2267 singularem
1127 2185 1243 2248 carita·

114 2301 191 2378 tem,
208 2316 274 2377 qua
290 2295 444 2378 precipue
460 2294 723 2361 Illustrissimam
744 2295 1013 2360 Domiuationem
1040 2294 1140 2360 Suam
1166 2312 1246 2356 sem·

116 2427 177 2488 per
192 2425 303 2468 sumus
319 2403 483 2486 prosecuti
500 2409 532 2466 et
547 2402 782 2486 prosequimur.
798 2401 894 2467 Unde
915 2407 1024 2466 secuta
1049 2405 1162 2483 postea
1189 2421 1246 2482 per

118 2512 262 2576 divinam
288 2511 492 2576 clementiam
511 2511 706 2576 liberatione
723 2533 781 2576 sua
807 2535 827 2576 a
851 2510 1002 2594 predicta
1028 2508 1247 2593 oppressione,

118 2625 152 2684 et
169 2619 404 2702 subsequenter
419 2620 668 2704 recuperatione
684 2619 816 2684 illarum
833 2641 940 2684 rerum
961 2623 1065 2682 status
1085 2618 1143 2699 sui,
1167 2637 1249 2700 quas

119 2727 220 2792 Turci
235 2728 342 2811 primo
358 2727 480 2811 impetu
497 2727 702 2810 abreperant,
729 2749 848 2812 magna
874 2748 981 2793 sumus
1007 2725 1116 2790 affecti
1141 2725 1251 2790 letitia

118 2843 248 2902 etcum
273 2834 340 2901 Sua
370 2835 576 2900 Eacelleutia
608 2835 711 2899 amice
737 2841 769 2900 et
799 2835 944 2900 fraterne
971 2834 1250 2917 congratulamur.

119 2944 239 3008 Restat
265 2945 475 3024 solummodo,
501 2949 538 3007 ut
563 2943 776 3026 imposterum
803 2941 1034 3008 illustrissima
1058 2939 1250 3006 Dominatio

123 3051 192 3118 Sua
210 3073 243 3116 se
260 3052 386 3131 excitet,
403 3052 576 3134 ingenium,
598 3051 737 3115 animum
757 3056 791 3114 et
807 3051 939 3134 spiritos
958 3070 1068 3115 omnes
1085 3071 1158 3116 suos
1176 3047 1251 3112 diri·

122 3166 178 3242 gat
194 3159 237 3224 ad
252 3159 460 3241 provisiones,
477 3180 538 3242 que
555 3180 620 3223 non
638 3158 742 3223 solum
759 3163 881 3223 statum
903 3179 996 3223 suum
1012 3181 1031 3222 a
1056 3163 1150 3222 tanto
1166 3156 1251 3240 peri-

123 3269 196 3333 culo
213 3272 321 3332 tutum
337 3267 474 3332 reddere
490 3267 643 3347 habeant,
660 3267 716 3331 sed
734 3265 826 3331 illum
847 3267 944 3332 etiam
962 3287 1081 3350 augere
1107 3266 1253 3348 possint,

124 3377 166 3442 ad
202 3398 264 3460 que
295 3376 517 3440 existimamus
549 3374 696 3439 futurum
728 3376 1043 3457 opportunissimum
1074 3373 1253 3438 remedium

124 3485 406 3569 recuperationem
422 3483 532 3566 Regni
549 3484 686 3549 Bossiue
711 3506 816 3566 nuper
841 3485 973 3568 perditi,
999 3505 1097 3566 quam
1124 3503 1257 3566 recupe7

122 3595 284 3660 rationem
301 3594 381 3657 satis
397 3591 528 3657 facilem
542 3591 738 3675 judicamus:
758 3591 853 3656 modo
864 3592 1068 3656 Excellentia
1079 3590 1155 3672 Sua,
1173 3595 1256 3654 cete-

126 3704 219 3785 rique
237 3701 357 3766 domini
384 3709 416 3765 et
443 3701 590 3779 barones,
618 3701 673 3782 qui
698 3701 928 3764 auctoritatem
954 3706 987 3764 et
1011 3700 1096 3764 vires
1121 3698 1254 3779 habent,

124 3810 199 3876 huic
224 3810 356 3892 negotio
382 3808 577 3888 incumbant,
609 3809 786 3873 dominatio
814 3807 928 3871 tironis
953 3807 1054 3872 Torci
1079 3808 1113 3870 in
1139 3806 1255 3886 Regno

123 3921 196 4002 ipsa
212 3939 297 3983 nova
313 3923 346 3982 et
361 3939 473 3982 recens
490 3922 547 3980 est.
564 3915 721 3999 Barones,
738 3915 862 3979 nobiles
880 3919 913 3979 et
928 3913 1042 3997 populi
1058 3913 1146 3976 illius
1162 3913 1255 3994 peius

126 4026 271 4091 contenti
289 4047 359 4090 esse
376 4047 439 4090 uon
456 4029 598 4108 possent,
618 4044 717 4104 quum
733 4023 766 4086 in
782 4021 982 4086 sevissimam
998 4025 1030 4084 et
1054 4019 1257 4084 fedissimam

129 4136 317 4200 servitutem
334 4157 368 4199 se
384 4133 535 4198 redactos
553 4137 585 4196 ct
611 4132 763 4196 subactos
782 4130 901 4194 vident.
926 4129 1002 4194 Non
1029 4133 1079 4194 est
1106 4125 1255 4192 dubitan-

127 4243 201 4307 dum
216 4243 291 4308 illos
308 4241 350 4307 ad
367 4263 494 4306 omnem
511 4245 635 4304 motum
652 4241 898 4319 insurrecturos,
916 4242 948 4300 et
964 4257 1023 4319 pro
1050 4257 1084 4300 se
1110 4255 1257 4317 quosque

129 4350 283 4432 facturos,
301 4349 455 4433 quicquid
472 4353 627 4430 poterunt
645 4369 705 4430 pro
722 4345 867 4411 exeundo
885 4366 925 4410 ex
948 4349 1041 4408 tanto
1058 4341 1199 4408 tiranide
1226 4347 1259 4406 et

129 4458 328 4541 acquirendo
345 4458 491 4540 aliquam
506 4456 691 4538 portionem
709 4461 813 4518 status
830 4453 926 4516 illius.
938 4451 1014 4516 Non
1031 4451 1170 4515 deerunt
1185 4473 1256 4535 pre-

128 4571 217 4633 terea
234 4567 335 4633 vicini
352 4571 384 4630 ct
403 4565 460 4631 alii
490 4564 621 4646 domiui,
648 4564 703 4648 qui
729 4562 849 4649 partim
876 4560 1151 4631 benivolentiam
1177 4581 1259 4646 eum,
