<?xml version="1.0" encoding="UTF-8"?>
<!DOCTYPE html PUBLIC "-//W3C//DTD XHTML 1.0 Transitional//EN"
    "http://www.w3.org/TR/xhtml1/DTD/xhtml1-transitional.dtd">
<html xmlns="http://www.w3.org/1999/xhtml" xml:lang="en" lang="en">
 <head>
  <title>
</title>
<meta http-equiv="Content-Type" content="text/html;charset=utf-8" />
  <meta name='ocr-system' content='tesseract 3.04.00' />
  <meta name='ocr-capabilities' content='ocr_page ocr_carea ocr_par ocr_line ocrx_word'/>
</head>
<body>
  <div class='ocr_page' id='page_1' title='image "./magyardiplomacz01mattgoog_0136.png"; bbox 0 0 3268 5308; ppageno 0'>
   <div class='ocr_carea' id='block_1_1' title="bbox 738 359 1153 422">
    <p class='ocr_par' dir='ltr' id='par_1_1' title="bbox 738 359 1153 422">
     <span class='ocr_line' id='line_1_1' title="bbox 738 359 1153 422; baseline -0.027 0"><span class='ocrx_word' id='word_1_1' title='bbox 738 374 972 422; x_wconf 76' lang='lat' dir='ltr'>nienounuzrar</span> <span class='ocrx_word' id='word_1_2' title='bbox 988 359 1153 416; x_wconf 66' lang='lat' dir='ltr'>uurmxnx.</span> 
     </span>
    </p>
   </div>
   <div class='ocr_carea' id='block_1_2' title="bbox 926 768 976 826">
    <p class='ocr_par' dir='ltr' id='par_1_2' title="bbox 926 768 976 826">
     <span class='ocr_line' id='line_1_2' title="bbox 926 768 976 826; baseline 0.02 -1"><span class='ocrx_word' id='word_1_3' title='bbox 926 768 976 826; x_wconf 89' lang='grc'>69.</span> 
     </span>
    </p>
   </div>
   <div class='ocr_carea' id='block_1_3' title="bbox 391 937 1514 1134">
    <p class='ocr_par' dir='ltr' id='par_1_3' title="bbox 391 937 1514 1134">
     <span class='ocr_line' id='line_1_3' title="bbox 391 937 1514 1022; baseline -0.008 -13"><span class='ocrx_word' id='word_1_4' title='bbox 391 948 485 1014; x_wconf 77' lang='grc'><strong><em>1461.</em></strong></span> <span class='ocrx_word' id='word_1_5' title='bbox 503 941 532 1006; x_wconf 82' lang='grc' dir='ltr'><strong><em>Α</em></strong></span> <span class='ocrx_word' id='word_1_6' title='bbox 554 943 702 1008; x_wconf 78' lang='lat' dir='ltr'>celerrczec&#39;</span> <span class='ocrx_word' id='word_1_7' title='bbox 716 942 933 1007; x_wconf 80' lang='lat' dir='ltr'>‹illumtundcr</span> <span class='ocrx_word' id='word_1_8' title='bbox 944 941 1073 1004; x_wconf 81' lang='lat' dir='ltr'>edlasza</span> <span class='ocrx_word' id='word_1_9' title='bbox 1089 941 1194 1004; x_wconf 74' lang='lat' dir='ltr'>kcvre</span> <span class='ocrx_word' id='word_1_10' title='bbox 1214 937 1368 1002; x_wconf 79' lang='lat' dir='ltr'>Thomccr&#39;</span> <span class='ocrx_word' id='word_1_11' title='bbox 1376 940 1514 1022; x_wconf 79' lang='lat' dir='ltr'>jelente&#39;-</span> 
     </span>
     <span class='ocr_line' id='line_1_4' title="bbox 650 1047 1250 1134; baseline -0.01 -18"><span class='ocrx_word' id='word_1_12' title='bbox 650 1052 715 1116; x_wconf 82' lang='lat' dir='ltr'>se&#39;rc</span> <span class='ocrx_word' id='word_1_13' title='bbox 730 1073 751 1114; x_wconf 85' lang='lat' dir='ltr'>a</span> <span class='ocrx_word' id='word_1_14' title='bbox 767 1049 855 1113; x_wconf 79' lang='lat' dir='ltr'>tdrb&#39;lr</span> <span class='ocrx_word' id='word_1_15' title='bbox 872 1049 965 1113; x_wconf 81' lang='lat' dir='ltr'>ellenr&#39;</span> <span class='ocrx_word' id='word_1_16' title='bbox 980 1049 1084 1132; x_wconf 76' lang='lat' dir='ltr'>sepe&#39;ly</span> <span class='ocrx_word' id='word_1_17' title='bbox 1102 1047 1250 1134; x_wconf 71' lang='lat' dir='ltr'>ttype&#39;beu.</span> 
     </span>
    </p>
   </div>
   <div class='ocr_carea' id='block_1_4' title="bbox 391 1266 1029 1350">
    <p class='ocr_par' dir='ltr' id='par_1_4' title="bbox 391 1266 1029 1350">
     <span class='ocr_line' id='line_1_5' title="bbox 391 1266 1029 1350; baseline -0.011 -14"><span class='ocrx_word' id='word_1_18' title='bbox 391 1267 644 1336; x_wconf 82' lang='lat' dir='ltr'><strong>MCOOOLXI.</strong></span> <span class='ocrx_word' id='word_1_19' title='bbox 660 1269 712 1333; x_wconf 92' lang='lat' dir='ltr'>die</span> <span class='ocrx_word' id='word_1_20' title='bbox 728 1272 848 1350; x_wconf 85' lang='lat' dir='ltr'>quarto</span> <span class='ocrx_word' id='word_1_21' title='bbox 865 1268 890 1333; x_wconf 91' lang='lat' dir='ltr'><strong>J</strong></span> <span class='ocrx_word' id='word_1_22' title='bbox 891 1266 1029 1350; x_wconf 88' lang='lat' dir='ltr'>anuarij.</span> 
     </span>
    </p>
   </div>
   <div class='ocr_carea' id='block_1_5' title="bbox 392 1370 1517 1566">
    <p class='ocr_par' dir='ltr' id='par_1_5' title="bbox 392 1370 1517 1566">
     <span class='ocr_line' id='line_1_6' title="bbox 499 1370 1517 1459; baseline -0.007 -18"><span class='ocrx_word' id='word_1_23' title='bbox 499 1376 741 1459; x_wconf 81' lang='lat' dir='ltr'>Circumspecto</span> <span class='ocrx_word' id='word_1_24' title='bbox 774 1374 873 1440; x_wconf 89' lang='lat' dir='ltr'>Petro</span> <span class='ocrx_word' id='word_1_25' title='bbox 909 1373 1086 1438; x_wconf 81' lang='lat' dir='ltr'>Thomasio</span> <span class='ocrx_word' id='word_1_26' title='bbox 1122 1370 1306 1437; x_wconf 81' lang='lat' dir='ltr'>Secretaric</span> <span class='ocrx_word' id='word_1_27' title='bbox 1338 1378 1450 1436; x_wconf 85' lang='lat' dir='ltr'>nostro</span> <span class='ocrx_word' id='word_1_28' title='bbox 1482 1371 1517 1435; x_wconf 90' lang='lat' dir='ltr'>in</span> 
     </span>
     <span class='ocr_line' id='line_1_7' title="bbox 392 1483 574 1566; baseline 0 -18"><span class='ocrx_word' id='word_1_29' title='bbox 392 1483 574 1566; x_wconf 88' lang='lat' dir='ltr'>Hungaria.</span> 
     </span>
    </p>
   </div>
   <div class='ocr_carea' id='block_1_6' title="bbox 393 1585 1526 2769">
    <p class='ocr_par' dir='ltr' id='par_1_6' title="bbox 393 1585 1526 2769">
     <span class='ocr_line' id='line_1_8' title="bbox 393 1585 1516 1688; baseline -0.006 -14"><span class='ocrx_word' id='word_1_30' title='bbox 393 1589 565 1674; x_wconf 64' lang='lat' dir='ltr'>sapientes</span> <span class='ocrx_word' id='word_1_31' title='bbox 583 1585 720 1672; x_wconf 66' lang='lat' dir='ltr'>OOllsflll</span> <span class='ocrx_word' id='word_1_32' title='bbox 737 1595 769 1653; x_wconf 70' lang='lat' dir='ltr'>el</span> <span class='ocrx_word' id='word_1_33' title='bbox 869 1605 970 1671; x_wconf 88' lang='lat' dir='ltr'>Petro</span> <span class='ocrx_word' id='word_1_34' title='bbox 981 1605 988 1668; x_wconf 85' lang='lat' dir='ltr'>l</span> <span class='ocrx_word' id='word_1_35' title='bbox 1000 1602 1230 1688; x_wconf 81' lang='lat' dir='ltr'>Superioribus</span> <span class='ocrx_word' id='word_1_36' title='bbox 1246 1604 1297 1668; x_wconf 83' lang='lat' dir='ltr'>nis</span> <span class='ocrx_word' id='word_1_37' title='bbox 1313 1603 1428 1669; x_wconf 87' lang='lat' dir='ltr'>diebus</span> <span class='ocrx_word' id='word_1_38' title='bbox 1444 1604 1516 1668; x_wconf 91' lang='lat' dir='ltr'>red-</span> 
     </span>
     <span class='ocr_line' id='line_1_9' title="bbox 395 1693 1520 1798; baseline -0.006 -18"><span class='ocrx_word' id='word_1_39' title='bbox 395 1721 555 1797; x_wconf 38' lang='grc' dir='ltr'>μζ,-</span> <span class='ocrx_word' id='word_1_40' title='bbox 594 1693 653 1760; x_wconf 64' lang='lat' dir='ltr'>bf·</span> <span class='ocrx_word' id='word_1_41' title='bbox 774 1738 776 1798; x_wconf 65' lang='lat' dir='ltr'>p</span> <span class='ocrx_word' id='word_1_42' title='bbox 826 1713 894 1778; x_wconf 90' lang='lat' dir='ltr'>dite</span> <span class='ocrx_word' id='word_1_43' title='bbox 925 1712 1058 1777; x_wconf 85' lang='lat' dir='ltr'>suerunt</span> <span class='ocrx_word' id='word_1_44' title='bbox 1089 1713 1182 1778; x_wconf 91' lang='lat' dir='ltr'>nobis</span> <span class='ocrx_word' id='word_1_45' title='bbox 1213 1713 1323 1776; x_wconf 77' lang='lat' dir='ltr'>littere</span> <span class='ocrx_word' id='word_1_46' title='bbox 1357 1718 1414 1776; x_wconf 90' lang='lat' dir='ltr'>tue</span> <span class='ocrx_word' id='word_1_47' title='bbox 1454 1711 1520 1774; x_wconf 89' lang='lat' dir='ltr'>diei</span> 
     </span>
     <span class='ocr_line' id='line_1_10' title="bbox 394 1819 1522 1905; baseline -0.004 -19"><span class='ocrx_word' id='word_1_48' title='bbox 394 1821 551 1888; x_wconf 90' lang='lat' dir='ltr'>XXVII.</span> <span class='ocrx_word' id='word_1_49' title='bbox 568 1823 772 1904; x_wconf 84' lang='lat' dir='ltr'>Novembris,</span> <span class='ocrx_word' id='word_1_50' title='bbox 798 1822 916 1905; x_wconf 92' lang='lat' dir='ltr'>quibus</span> <span class='ocrx_word' id='word_1_51' title='bbox 941 1823 1097 1886; x_wconf 77' lang='lat' dir='ltr'>certiores</span> <span class='ocrx_word' id='word_1_52' title='bbox 1124 1819 1230 1884; x_wconf 84' lang='lat' dir='ltr'>effecti</span> <span class='ocrx_word' id='word_1_53' title='bbox 1255 1819 1375 1884; x_wconf 83' lang='lat' dir='ltr'>fuimus</span> <span class='ocrx_word' id='word_1_54' title='bbox 1393 1819 1433 1884; x_wconf 94' lang='lat' dir='ltr'>de</span> <span class='ocrx_word' id='word_1_55' title='bbox 1453 1840 1522 1883; x_wconf 89' lang='lat' dir='ltr'>sus·</span> 
     </span>
     <span class='ocr_line' id='line_1_11' title="bbox 394 1925 1521 2012; baseline -0.004 -18"><span class='ocrx_word' id='word_1_56' title='bbox 394 1930 544 2012; x_wconf 87' lang='lat' dir='ltr'>ceptione</span> <span class='ocrx_word' id='word_1_57' title='bbox 571 1930 755 1996; x_wconf 86' lang='lat' dir='ltr'>litterarum</span> <span class='ocrx_word' id='word_1_58' title='bbox 779 1937 974 2009; x_wconf 86' lang='lat' dir='ltr'>nostrarum,</span> <span class='ocrx_word' id='word_1_59' title='bbox 999 1929 1064 1994; x_wconf 93' lang='lat' dir='ltr'>diei</span> <span class='ocrx_word' id='word_1_60' title='bbox 1090 1928 1190 1997; x_wconf 86' lang='lat' dir='ltr'><strong>VIII.</strong></span> <span class='ocrx_word' id='word_1_61' title='bbox 1214 1926 1409 1992; x_wconf 87' lang='lat' dir='ltr'>Novembris</span> <span class='ocrx_word' id='word_1_62' title='bbox 1426 1925 1521 1990; x_wconf 87' lang='lat' dir='ltr'>simul</span> 
     </span>
     <span class='ocr_line' id='line_1_12' title="bbox 396 2035 1523 2122; baseline -0.004 -20"><span class='ocrx_word' id='word_1_63' title='bbox 396 2059 469 2102; x_wconf 92' lang='lat' dir='ltr'>cum</span> <span class='ocrx_word' id='word_1_64' title='bbox 485 2036 560 2122; x_wconf 86' lang='lat' dir='ltr'>alijs</span> <span class='ocrx_word' id='word_1_65' title='bbox 577 2037 754 2120; x_wconf 85' lang='lat' dir='ltr'>replicatis,</span> <span class='ocrx_word' id='word_1_66' title='bbox 781 2045 814 2103; x_wconf 87' lang='lat' dir='ltr'>et</span> <span class='ocrx_word' id='word_1_67' title='bbox 831 2039 870 2103; x_wconf 95' lang='lat' dir='ltr'>de</span> <span class='ocrx_word' id='word_1_68' title='bbox 886 2038 998 2120; x_wconf 80' lang='lat' dir='ltr'>causis,</span> <span class='ocrx_word' id='word_1_69' title='bbox 1016 2059 1055 2101; x_wconf 88' lang='lat' dir='ltr'>ex</span> <span class='ocrx_word' id='word_1_70' title='bbox 1071 2037 1189 2119; x_wconf 90' lang='lat' dir='ltr'>quibus</span> <span class='ocrx_word' id='word_1_71' title='bbox 1205 2037 1374 2122; x_wconf 88' lang='lat' dir='ltr'>aliquanto</span> <span class='ocrx_word' id='word_1_72' title='bbox 1391 2035 1523 2099; x_wconf 87' lang='lat' dir='ltr'>differre</span> 
     </span>
     <span class='ocr_line' id='line_1_13' title="bbox 397 2141 1524 2227; baseline -0.006 -15"><span class='ocrx_word' id='word_1_73' title='bbox 397 2152 567 2225; x_wconf 84' lang='lat' dir='ltr'>statueras,</span> <span class='ocrx_word' id='word_1_74' title='bbox 584 2144 671 2209; x_wconf 87' lang='lat' dir='ltr'>circa</span> <span class='ocrx_word' id='word_1_75' title='bbox 695 2147 865 2210; x_wconf 87' lang='lat' dir='ltr'>materiam</span> <span class='ocrx_word' id='word_1_76' title='bbox 892 2145 1098 2210; x_wconf 79' lang='lat' dir='ltr'>Turehorum</span> <span class='ocrx_word' id='word_1_77' title='bbox 1124 2145 1212 2227; x_wconf 89' lang='lat' dir='ltr'>apud</span> <span class='ocrx_word' id='word_1_78' title='bbox 1239 2143 1378 2226; x_wconf 85' lang='lat' dir='ltr'>Regiam</span> <span class='ocrx_word' id='word_1_79' title='bbox 1403 2141 1524 2227; x_wconf 85' lang='lat' dir='ltr'>Majcs-</span> 
     </span>
     <span class='ocr_line' id='line_1_14' title="bbox 396 2250 1520 2337; baseline -0.005 -17"><span class='ocrx_word' id='word_1_80' title='bbox 396 2261 499 2320; x_wconf 86' lang='lat' dir='ltr'>tatem</span> <span class='ocrx_word' id='word_1_81' title='bbox 515 2253 688 2336; x_wconf 90' lang='lat' dir='ltr'>Huugarie</span> <span class='ocrx_word' id='word_1_82' title='bbox 704 2253 819 2337; x_wconf 86' lang='lat' dir='ltr'>exequi</span> <span class='ocrx_word' id='word_1_83' title='bbox 835 2259 947 2318; x_wconf 88' lang='lat' dir='ltr'>nostra</span> <span class='ocrx_word' id='word_1_84' title='bbox 964 2253 1126 2334; x_wconf 89' lang='lat' dir='ltr'>mandata,</span> <span class='ocrx_word' id='word_1_85' title='bbox 1161 2251 1299 2316; x_wconf 87' lang='lat' dir='ltr'>subinde</span> <span class='ocrx_word' id='word_1_86' title='bbox 1323 2251 1408 2315; x_wconf 89' lang='lat' dir='ltr'>alias</span> <span class='ocrx_word' id='word_1_87' title='bbox 1434 2250 1520 2314; x_wconf 86' lang='lat' dir='ltr'>litte·</span> 
     </span>
     <span class='ocr_line' id='line_1_15' title="bbox 396 2357 1524 2446; baseline -0.004 -20"><span class='ocrx_word' id='word_1_88' title='bbox 396 2385 451 2428; x_wconf 88' lang='lat' dir='ltr'>ras</span> <span class='ocrx_word' id='word_1_89' title='bbox 467 2368 541 2427; x_wconf 90' lang='lat' dir='ltr'>tuas</span> <span class='ocrx_word' id='word_1_90' title='bbox 557 2362 740 2446; x_wconf 90' lang='lat' dir='ltr'>accepimus</span> <span class='ocrx_word' id='word_1_91' title='bbox 756 2360 852 2426; x_wconf 86' lang='lat' dir='ltr'>datas</span> <span class='ocrx_word' id='word_1_92' title='bbox 868 2359 939 2430; x_wconf 90' lang='lat' dir='ltr'>XV</span> <span class='ocrx_word' id='word_1_93' title='bbox 955 2359 1145 2427; x_wconf 83' lang='lat' dir='ltr'>Decembris</span> <span class='ocrx_word' id='word_1_94' title='bbox 1162 2360 1308 2444; x_wconf 86' lang='lat' dir='ltr'>proxime</span> <span class='ocrx_word' id='word_1_95' title='bbox 1336 2359 1431 2442; x_wconf 91' lang='lat' dir='ltr'>lapsi,</span> <span class='ocrx_word' id='word_1_96' title='bbox 1458 2357 1524 2441; x_wconf 91' lang='lat' dir='ltr'>qui·</span> 
     </span>
     <span class='ocr_line' id='line_1_16' title="bbox 398 2465 1525 2555; baseline -0.004 -21"><span class='ocrx_word' id='word_1_97' title='bbox 398 2471 459 2535; x_wconf 88' lang='lat' dir='ltr'>bus</span> <span class='ocrx_word' id='word_1_98' title='bbox 475 2471 622 2538; x_wconf 85' lang='lat' dir='ltr'>novimus</span> <span class='ocrx_word' id='word_1_99' title='bbox 639 2471 873 2554; x_wconf 77' lang='lat' dir='ltr'>expositionem</span> <span class='ocrx_word' id='word_1_100' title='bbox 883 2491 941 2553; x_wconf 90' lang='lat' dir='ltr'>per</span> <span class='ocrx_word' id='word_1_101' title='bbox 951 2475 983 2533; x_wconf 85' lang='lat' dir='ltr'>te</span> <span class='ocrx_word' id='word_1_102' title='bbox 991 2471 1086 2555; x_wconf 87' lang='lat' dir='ltr'>juxta</span> <span class='ocrx_word' id='word_1_103' title='bbox 1102 2469 1260 2533; x_wconf 84' lang='lat' dir='ltr'>mandata</span> <span class='ocrx_word' id='word_1_104' title='bbox 1274 2473 1389 2533; x_wconf 90' lang='lat' dir='ltr'>nostra</span> <span class='ocrx_word' id='word_1_105' title='bbox 1405 2465 1525 2531; x_wconf 89' lang='lat' dir='ltr'>factam</span> 
     </span>
     <span class='ocr_line' id='line_1_17' title="bbox 400 2574 1525 2662; baseline -0.004 -18"><span class='ocrx_word' id='word_1_106' title='bbox 400 2577 612 2644; x_wconf 86' lang='lat' dir='ltr'>Sereuissimo</span> <span class='ocrx_word' id='word_1_107' title='bbox 630 2574 714 2661; x_wconf 84' lang='lat' dir='ltr'>Regi</span> <span class='ocrx_word' id='word_1_108' title='bbox 739 2579 773 2643; x_wconf 90' lang='lat' dir='ltr'>in</span> <span class='ocrx_word' id='word_1_109' title='bbox 793 2579 1048 2662; x_wconf 81' lang='lat' dir='ltr'>congregatione</span> <span class='ocrx_word' id='word_1_110' title='bbox 1074 2577 1283 2642; x_wconf 89' lang='lat' dir='ltr'>Prelatorum</span> <span class='ocrx_word' id='word_1_111' title='bbox 1299 2583 1332 2642; x_wconf 89' lang='lat' dir='ltr'>et</span> <span class='ocrx_word' id='word_1_112' title='bbox 1358 2575 1525 2640; x_wconf 89' lang='lat' dir='ltr'>Baronum</span> 
     </span>
     <span class='ocr_line' id='line_1_18' title="bbox 399 2681 1526 2769; baseline -0.007 -17"><span class='ocrx_word' id='word_1_113' title='bbox 399 2685 516 2769; x_wconf 87' lang='lat' dir='ltr'>Regni,</span> <span class='ocrx_word' id='word_1_114' title='bbox 542 2684 693 2768; x_wconf 90' lang='lat' dir='ltr'>quodque</span> <span class='ocrx_word' id='word_1_115' title='bbox 717 2692 865 2768; x_wconf 87' lang='lat' dir='ltr'>sumptus</span> <span class='ocrx_word' id='word_1_116' title='bbox 894 2683 1005 2750; x_wconf 87' lang='lat' dir='ltr'>fuerat</span> <span class='ocrx_word' id='word_1_117' title='bbox 1029 2690 1196 2766; x_wconf 88' lang='lat' dir='ltr'>respectus</span> <span class='ocrx_word' id='word_1_118' title='bbox 1222 2683 1440 2766; x_wconf 92' lang='lat' dir='ltr'>respondendi</span> <span class='ocrx_word' id='word_1_119' title='bbox 1465 2681 1526 2746; x_wconf 89' lang='lat' dir='ltr'>tibi</span> 
     </span>
    </p>
   </div>
   <div class='ocr_carea' id='block_1_7' title="bbox 400 2791 1628 2986">
    <p class='ocr_par' dir='ltr' id='par_1_7' title="bbox 400 2791 1628 2986">
     <span class='ocr_line' id='line_1_19' title="bbox 400 2791 1628 2876; baseline -0.002 -16"><span class='ocrx_word' id='word_1_120' title='bbox 400 2802 432 2860; x_wconf 89' lang='lat' dir='ltr'>et</span> <span class='ocrx_word' id='word_1_121' title='bbox 449 2798 526 2859; x_wconf 75' lang='lat' dir='ltr'>eet:</span> <span class='ocrx_word' id='word_1_122' title='bbox 552 2793 813 2858; x_wconf 82' lang='lat' dir='ltr'>commendantes</span> <span class='ocrx_word' id='word_1_123' title='bbox 829 2794 941 2876; x_wconf 87' lang='lat' dir='ltr'>itaque</span> <span class='ocrx_word' id='word_1_124' title='bbox 958 2799 989 2858; x_wconf 85' lang='lat' dir='ltr'>et</span> <span class='ocrx_word' id='word_1_125' title='bbox 1008 2792 1180 2858; x_wconf 90' lang='lat' dir='ltr'>laudamus</span> <span class='ocrx_word' id='word_1_126' title='bbox 1199 2791 1410 2874; x_wconf 85' lang='lat' dir='ltr'>prudentiam</span> <span class='ocrx_word' id='word_1_127' title='bbox 1427 2795 1526 2870; x_wconf 80' lang='lat' dir='ltr'>tuam,</span> <span class='ocrx_word' id='word_1_128' title='bbox 1626 2855 1628 2858; x_wconf 84' lang='lat'>.</span> 
     </span>
     <span class='ocr_line' id='line_1_20' title="bbox 400 2898 1628 2986; baseline -0.007 -19"><span class='ocrx_word' id='word_1_129' title='bbox 400 2923 459 2986; x_wconf 94' lang='lat' dir='ltr'>pro</span> <span class='ocrx_word' id='word_1_130' title='bbox 476 2906 598 2985; x_wconf 88' lang='lat' dir='ltr'>quanto</span> <span class='ocrx_word' id='word_1_131' title='bbox 614 2901 729 2984; x_wconf 85' lang='lat' dir='ltr'>iecisti,</span> <span class='ocrx_word' id='word_1_132' title='bbox 746 2901 891 2982; x_wconf 85' lang='lat' dir='ltr'>dicimus,</span> <span class='ocrx_word' id='word_1_133' title='bbox 908 2901 995 2984; x_wconf 88' lang='lat' dir='ltr'>quod</span> <span class='ocrx_word' id='word_1_134' title='bbox 1012 2901 1254 2983; x_wconf 85' lang='lat' dir='ltr'>expectabimus</span> <span class='ocrx_word' id='word_1_135' title='bbox 1271 2905 1303 2963; x_wconf 89' lang='lat' dir='ltr'>ct</span> <span class='ocrx_word' id='word_1_136' title='bbox 1321 2898 1465 2962; x_wconf 89' lang='lat' dir='ltr'>libenter</span> <span class='ocrx_word' id='word_1_137' title='bbox 1481 2898 1523 2961; x_wconf 92' lang='lat' dir='ltr'>in·</span> <span class='ocrx_word' id='word_1_138' title='bbox 1626 2903 1628 2960; x_wconf 73' lang='lat' dir='ltr'>t</span> 
     </span>
    </p>
   </div>
   <div class='ocr_carea' id='block_1_8' title="bbox 401 3003 1628 3314">
    <p class='ocr_par' dir='ltr' id='par_1_8' title="bbox 401 2969 1628 3314">
     <span class='ocr_line' id='line_1_21' title="bbox 401 3003 1529 3092; baseline -0.005 -19"><span class='ocrx_word' id='word_1_139' title='bbox 401 3011 587 3092; x_wconf 91' lang='lat' dir='ltr'>telligemus</span> <span class='ocrx_word' id='word_1_140' title='bbox 611 3031 810 3092; x_wconf 84' lang='lat' dir='ltr'>responsum,</span> <span class='ocrx_word' id='word_1_141' title='bbox 835 3010 923 3092; x_wconf 89' lang='lat' dir='ltr'>quod</span> <span class='ocrx_word' id='word_1_142' title='bbox 947 3010 981 3074; x_wconf 90' lang='lat' dir='ltr'>in</span> <span class='ocrx_word' id='word_1_143' title='bbox 1007 3032 1041 3074; x_wconf 92' lang='lat' dir='ltr'>re</span> <span class='ocrx_word' id='word_1_144' title='bbox 1066 3009 1131 3074; x_wconf 90' lang='lat' dir='ltr'>ista</span> <span class='ocrx_word' id='word_1_145' title='bbox 1158 3007 1317 3072; x_wconf 87' lang='lat' dir='ltr'>traditum</span> <span class='ocrx_word' id='word_1_146' title='bbox 1343 3005 1406 3070; x_wconf 81' lang='lat' dir='ltr'>tibi</span> <span class='ocrx_word' id='word_1_147' title='bbox 1432 3003 1529 3069; x_wconf 85' lang='lat' dir='ltr'>fuerit</span> 
     </span>
     <span class='ocr_line' id='line_1_22' title="bbox 401 3107 1628 3216; baseline -0.004 -35"><span class='ocrx_word' id='word_1_148' title='bbox 401 3139 460 3198; x_wconf 89' lang='lat' dir='ltr'>per</span> <span class='ocrx_word' id='word_1_149' title='bbox 477 3117 617 3199; x_wconf 89' lang='lat' dir='ltr'>Regiam</span> <span class='ocrx_word' id='word_1_150' title='bbox 634 3116 860 3200; x_wconf 83' lang='lat' dir='ltr'>Serenitatem,</span> <span class='ocrx_word' id='word_1_151' title='bbox 877 3117 965 3216; x_wconf 92' lang='lat' dir='ltr'>quod</span> <span class='ocrx_word' id='word_1_152' title='bbox 979 3138 1145 3201; x_wconf 89' lang='lat' dir='ltr'>speramus</span> <span class='ocrx_word' id='word_1_153' title='bbox 1170 3137 1230 3200; x_wconf 90' lang='lat' dir='ltr'>pro</span> <span class='ocrx_word' id='word_1_154' title='bbox 1256 3136 1346 3179; x_wconf 88' lang='lat' dir='ltr'>more</span> <span class='ocrx_word' id='word_1_155' title='bbox 1371 3113 1528 3196; x_wconf 86' lang='lat' dir='ltr'>Majesta·</span> <span class='ocrx_word' id='word_1_156' title='bbox 1626 3107 1628 3116; x_wconf 82' lang='lat'>&#39;</span> 
     </span>
     <span class='ocr_line' id='line_1_23' title="bbox 402 3221 1628 3314; baseline -0.001 -29"><span class='ocrx_word' id='word_1_157' title='bbox 402 3223 446 3286; x_wconf 84' lang='lat' dir='ltr'>tis</span> <span class='ocrx_word' id='word_1_158' title='bbox 463 3221 528 3288; x_wconf 82' lang='lat' dir='ltr'>Sue</span> <span class='ocrx_word' id='word_1_159' title='bbox 554 3228 587 3286; x_wconf 84' lang='lat' dir='ltr'>et</span> <span class='ocrx_word' id='word_1_160' title='bbox 603 3221 889 3290; x_wconf 85' lang='lat' dir='ltr'>Sereuissimorum</span> <span class='ocrx_word' id='word_1_161' title='bbox 909 3225 1037 3308; x_wconf 86' lang='lat' dir='ltr'>Regum</span> <span class='ocrx_word' id='word_1_162' title='bbox 1062 3224 1294 3308; x_wconf 87' lang='lat' dir='ltr'>preteritorum</span> <span class='ocrx_word' id='word_1_163' title='bbox 1320 3244 1359 3287; x_wconf 90' lang='lat' dir='ltr'>ac</span> <span class='ocrx_word' id='word_1_164' title='bbox 1384 3221 1530 3286; x_wconf 91' lang='lat' dir='ltr'>Prelato·</span> <span class='ocrx_word' id='word_1_165' title='bbox 1612 3243 1628 3314; x_wconf 43' lang='grc' dir='ltr'>ῃ</span> 
     </span>
    </p>
   </div>
   <div class='ocr_carea' id='block_1_9' title="bbox 402 3327 1628 3418">
    <p class='ocr_par' dir='ltr' id='par_1_9' title="bbox 402 3327 1628 3418">
     <span class='ocr_line' id='line_1_24' title="bbox 402 3327 1628 3418; baseline -0.002 -24"><span class='ocrx_word' id='word_1_166' title='bbox 402 3352 475 3394; x_wconf 91' lang='lat' dir='ltr'>rum</span> <span class='ocrx_word' id='word_1_167' title='bbox 500 3334 534 3394; x_wconf 81' lang='lat' dir='ltr'>et</span> <span class='ocrx_word' id='word_1_168' title='bbox 549 3329 714 3394; x_wconf 87' lang='lat' dir='ltr'>Baronum</span> <span class='ocrx_word' id='word_1_169' title='bbox 730 3329 836 3412; x_wconf 87' lang='lat' dir='ltr'>Regni</span> <span class='ocrx_word' id='word_1_170' title='bbox 860 3331 957 3412; x_wconf 80' lang='lat' dir='ltr'>illiue,</span> <span class='ocrx_word' id='word_1_171' title='bbox 984 3334 1039 3418; x_wconf 91' lang='lat' dir='ltr'>qui</span> <span class='ocrx_word' id='word_1_172' title='bbox 1056 3353 1181 3416; x_wconf 89' lang='lat' dir='ltr'>semper</span> <span class='ocrx_word' id='word_1_173' title='bbox 1197 3330 1410 3396; x_wconf 89' lang='lat' dir='ltr'>christianam</span> <span class='ocrx_word' id='word_1_174' title='bbox 1436 3327 1532 3392; x_wconf 89' lang='lat' dir='ltr'>fidem</span> <span class='ocrx_word' id='word_1_175' title='bbox 1627 3327 1628 3330; x_wconf 66' lang='grc'>’</span> 
     </span>
    </p>
   </div>
   <div class='ocr_carea' id='block_1_10' title="bbox 403 3435 1628 4606">
    <p class='ocr_par' dir='ltr' id='par_1_10' title="bbox 403 3435 1628 4606">
     <span class='ocr_line' id='line_1_25' title="bbox 403 3435 1532 3521; baseline -0.003 -20"><span class='ocrx_word' id='word_1_176' title='bbox 403 3437 487 3501; x_wconf 90' lang='lat' dir='ltr'>tueri</span> <span class='ocrx_word' id='word_1_177' title='bbox 504 3435 611 3500; x_wconf 87' lang='lat' dir='ltr'>conati</span> <span class='ocrx_word' id='word_1_178' title='bbox 626 3441 708 3518; x_wconf 85' lang='lat' dir='ltr'>sunt,</span> <span class='ocrx_word' id='word_1_179' title='bbox 725 3435 870 3502; x_wconf 86' lang='lat' dir='ltr'>futurum</span> <span class='ocrx_word' id='word_1_180' title='bbox 891 3460 961 3504; x_wconf 88' lang='lat' dir='ltr'>esse</span> <span class='ocrx_word' id='word_1_181' title='bbox 987 3439 1150 3504; x_wconf 85' lang='lat' dir='ltr'>conforme</span> <span class='ocrx_word' id='word_1_182' title='bbox 1176 3438 1341 3521; x_wconf 87' lang='lat' dir='ltr'>preteritis</span> <span class='ocrx_word' id='word_1_183' title='bbox 1367 3437 1532 3520; x_wconf 90' lang='lat' dir='ltr'>experien-</span> 
     </span>
     <span class='ocr_line' id='line_1_26' title="bbox 403 3541 1531 3630; baseline 0 -22"><span class='ocrx_word' id='word_1_184' title='bbox 403 3545 461 3627; x_wconf 88' lang='lat' dir='ltr'>tijs</span> <span class='ocrx_word' id='word_1_185' title='bbox 476 3565 585 3608; x_wconf 91' lang='lat' dir='ltr'>rerum</span> <span class='ocrx_word' id='word_1_186' title='bbox 602 3565 742 3630; x_wconf 88' lang='lat' dir='ltr'>suarum,</span> <span class='ocrx_word' id='word_1_187' title='bbox 761 3547 848 3630; x_wconf 91' lang='lat' dir='ltr'>quod</span> <span class='ocrx_word' id='word_1_188' title='bbox 865 3569 990 3630; x_wconf 89' lang='lat' dir='ltr'>semper</span> <span class='ocrx_word' id='word_1_189' title='bbox 1013 3548 1048 3610; x_wconf 89' lang='lat' dir='ltr'>in</span> <span class='ocrx_word' id='word_1_190' title='bbox 1072 3548 1228 3611; x_wconf 90' lang='lat' dir='ltr'>honorem</span> <span class='ocrx_word' id='word_1_191' title='bbox 1253 3546 1317 3611; x_wconf 92' lang='lat' dir='ltr'>Dei</span> <span class='ocrx_word' id='word_1_192' title='bbox 1343 3550 1376 3610; x_wconf 87' lang='lat' dir='ltr'>et</span> <span class='ocrx_word' id='word_1_193' title='bbox 1393 3541 1531 3611; x_wconf 82' lang='lat' dir='ltr'>salutem</span> 
     </span>
     <span class='ocr_line' id='line_1_27' title="bbox 405 3652 1531 3741; baseline 0 -27"><span class='ocrx_word' id='word_1_194' title='bbox 405 3652 576 3716; x_wconf 86' lang='lat' dir='ltr'>christiani</span> <span class='ocrx_word' id='word_1_195' title='bbox 600 3653 739 3741; x_wconf 80' lang='lat' dir='ltr'>nominis</span> <span class='ocrx_word' id='word_1_196' title='bbox 764 3661 993 3737; x_wconf 88' lang='lat' dir='ltr'>processerunt</span> <span class='ocrx_word' id='word_1_197' title='bbox 1018 3675 1090 3718; x_wconf 90' lang='lat' dir='ltr'>cum</span> <span class='ocrx_word' id='word_1_198' title='bbox 1106 3654 1283 3728; x_wconf 86' lang='lat' dir='ltr'>immortali</span> <span class='ocrx_word' id='word_1_199' title='bbox 1300 3653 1406 3736; x_wconf 90' lang='lat' dir='ltr'>gloria</span> <span class='ocrx_word' id='word_1_200' title='bbox 1422 3653 1531 3735; x_wconf 88' lang='lat' dir='ltr'>Regni</span> 
     </span>
     <span class='ocr_line' id='line_1_28' title="bbox 404 3759 1534 3846; baseline -0.001 -22"><span class='ocrx_word' id='word_1_201' title='bbox 404 3759 500 3824; x_wconf 92' lang='lat' dir='ltr'>illius.</span> <span class='ocrx_word' id='word_1_202' title='bbox 516 3759 585 3825; x_wconf 90' lang='lat' dir='ltr'>Nos</span> <span class='ocrx_word' id='word_1_203' title='bbox 602 3783 739 3844; x_wconf 87' lang='lat' dir='ltr'>quoque,</span> <span class='ocrx_word' id='word_1_204' title='bbox 756 3785 828 3826; x_wconf 92' lang='lat' dir='ltr'>cum</span> <span class='ocrx_word' id='word_1_205' title='bbox 845 3769 882 3827; x_wconf 83' lang='lat' dir='ltr'>ut</span> <span class='ocrx_word' id='word_1_206' title='bbox 898 3770 1010 3828; x_wconf 83' lang='lat' dir='ltr'>notum</span> <span class='ocrx_word' id='word_1_207' title='bbox 1026 3769 1083 3846; x_wconf 83' lang='lat' dir='ltr'>est,</span> <span class='ocrx_word' id='word_1_208' title='bbox 1092 3784 1150 3846; x_wconf 90' lang='lat' dir='ltr'>per</span> <span class='ocrx_word' id='word_1_209' title='bbox 1166 3764 1265 3845; x_wconf 89' lang='lat' dir='ltr'>longa</span> <span class='ocrx_word' id='word_1_210' title='bbox 1276 3761 1387 3844; x_wconf 88' lang='lat' dir='ltr'>spacia</span> <span class='ocrx_word' id='word_1_211' title='bbox 1404 3760 1534 3826; x_wconf 84' lang='lat' dir='ltr'>finitimi</span> 
     </span>
     <span class='ocr_line' id='line_1_29' title="bbox 406 3867 1628 3956; baseline 0.001 -25"><span class='ocrx_word' id='word_1_212' title='bbox 406 3869 503 3932; x_wconf 89' lang='lat' dir='ltr'>simus</span> <span class='ocrx_word' id='word_1_213' title='bbox 536 3867 651 3950; x_wconf 82' lang='lat' dir='ltr'>Turco‚</span> <span class='ocrx_word' id='word_1_214' title='bbox 682 3870 856 3953; x_wconf 89' lang='lat' dir='ltr'>quicquam</span> <span class='ocrx_word' id='word_1_215' title='bbox 880 3893 919 3935; x_wconf 91' lang='lat' dir='ltr'>ex</span> <span class='ocrx_word' id='word_1_216' title='bbox 943 3877 1038 3954; x_wconf 85' lang='lat' dir='ltr'>parto</span> <span class='ocrx_word' id='word_1_217' title='bbox 1063 3877 1176 3936; x_wconf 87' lang='lat' dir='ltr'>nostra</span> <span class='ocrx_word' id='word_1_218' title='bbox 1201 3870 1443 3954; x_wconf 86' lang='lat' dir='ltr'>pretermissuri</span> <span class='ocrx_word' id='word_1_219' title='bbox 1469 3889 1534 3933; x_wconf 90' lang='lat' dir='ltr'>non</span> <span class='ocrx_word' id='word_1_220' title='bbox 1626 3943 1628 3956; x_wconf 16' lang='grc' dir='ltr'>ἶ</span> 
     </span>
     <span class='ocr_line' id='line_1_30' title="bbox 407 3977 1532 4060; baseline -0.002 -18"><span class='ocrx_word' id='word_1_221' title='bbox 407 3998 524 4058; x_wconf 88' lang='lat' dir='ltr'>sumus,</span> <span class='ocrx_word' id='word_1_222' title='bbox 540 3977 627 4060; x_wconf 92' lang='lat' dir='ltr'>quod</span> <span class='ocrx_word' id='word_1_223' title='bbox 643 3978 758 4042; x_wconf 91' lang='lat' dir='ltr'>honori</span> <span class='ocrx_word' id='word_1_224' title='bbox 769 3977 833 4041; x_wconf 91' lang='lat' dir='ltr'>Dei</span> <span class='ocrx_word' id='word_1_225' title='bbox 842 3977 974 4043; x_wconf 92' lang='lat' dir='ltr'>Domini</span> <span class='ocrx_word' id='word_1_226' title='bbox 985 3979 1089 4044; x_wconf 85' lang='lat' dir='ltr'>nostri</span> <span class='ocrx_word' id='word_1_227' title='bbox 1105 3987 1138 4043; x_wconf 82' lang='lat' dir='ltr'>et</span> <span class='ocrx_word' id='word_1_228' title='bbox 1149 3977 1324 4043; x_wconf 89' lang='lat' dir='ltr'>commodis</span> <span class='ocrx_word' id='word_1_229' title='bbox 1342 3977 1532 4041; x_wconf 89' lang='lat' dir='ltr'>christiano-</span> 
     </span>
     <span class='ocr_line' id='line_1_31' title="bbox 406 4084 1536 4168; baseline -0.004 -18"><span class='ocrx_word' id='word_1_230' title='bbox 406 4108 476 4150; x_wconf 90' lang='lat' dir='ltr'>rum</span> <span class='ocrx_word' id='word_1_231' title='bbox 486 4086 663 4150; x_wconf 89' lang='lat' dir='ltr'>conducere</span> <span class='ocrx_word' id='word_1_232' title='bbox 673 4106 767 4168; x_wconf 87' lang='lat' dir='ltr'>posse</span> <span class='ocrx_word' id='word_1_233' title='bbox 778 4084 934 4168; x_wconf 70' lang='lat' dir='ltr'>ridemus</span> <span class='ocrx_word' id='word_1_234' title='bbox 944 4086 1071 4152; x_wconf 85' lang='lat' dir='ltr'>etultra</span> <span class='ocrx_word' id='word_1_235' title='bbox 1086 4109 1179 4152; x_wconf 90' lang='lat' dir='ltr'>omne</span> <span class='ocrx_word' id='word_1_236' title='bbox 1191 4090 1376 4150; x_wconf 83' lang='lat' dir='ltr'>consuetum</span> <span class='ocrx_word' id='word_1_237' title='bbox 1387 4089 1536 4148; x_wconf 87' lang='lat' dir='ltr'>nostrum</span> 
     </span>
     <span class='ocr_line' id='line_1_32' title="bbox 406 4190 1534 4278; baseline -0.002 -22"><span class='ocrx_word' id='word_1_238' title='bbox 406 4193 607 4277; x_wconf 84' lang='lat' dir='ltr'>providimus</span> <span class='ocrx_word' id='word_1_239' title='bbox 624 4200 656 4258; x_wconf 90' lang='lat' dir='ltr'>et</span> <span class='ocrx_word' id='word_1_240' title='bbox 671 4194 843 4277; x_wconf 86' lang='lat' dir='ltr'>providere</span> <span class='ocrx_word' id='word_1_241' title='bbox 859 4216 923 4258; x_wconf 90' lang='lat' dir='ltr'>uon</span> <span class='ocrx_word' id='word_1_242' title='bbox 939 4194 1253 4278; x_wconf 87' lang='lat' dir='ltr'>cessamus,interim</span> <span class='ocrx_word' id='word_1_243' title='bbox 1272 4215 1347 4258; x_wconf 88' lang='lat' dir='ltr'>vero</span> <span class='ocrx_word' id='word_1_244' title='bbox 1364 4214 1424 4276; x_wconf 90' lang='lat' dir='ltr'>per</span> <span class='ocrx_word' id='word_1_245' title='bbox 1444 4190 1534 4256; x_wconf 84' lang='lat' dir='ltr'>Sum-</span> 
     </span>
     <span class='ocr_line' id='line_1_33' title="bbox 407 4300 1556 4388; baseline -0.001 -23"><span class='ocrx_word' id='word_1_246' title='bbox 407 4323 495 4365; x_wconf 91' lang='lat' dir='ltr'>mum</span> <span class='ocrx_word' id='word_1_247' title='bbox 511 4300 812 4366; x_wconf 85' lang='lat' dir='ltr'>Pontificemomnis</span> <span class='ocrx_word' id='word_1_248' title='bbox 824 4303 1085 4368; x_wconf 89' lang='lat' dir='ltr'>accurratissima</span> <span class='ocrx_word' id='word_1_249' title='bbox 1096 4325 1203 4388; x_wconf 84' lang='lat' dir='ltr'>opera,</span> <span class='ocrx_word' id='word_1_250' title='bbox 1216 4321 1408 4383; x_wconf 89' lang='lat' dir='ltr'>omnemque</span> <span class='ocrx_word' id='word_1_251' title='bbox 1420 4300 1536 4365; x_wconf 88' lang='lat' dir='ltr'>ardens</span> <span class='ocrx_word' id='word_1_252' title='bbox 1553 4300 1556 4306; x_wconf 87' lang='grc'><strong>’</strong></span> 
     </span>
     <span class='ocr_line' id='line_1_34' title="bbox 411 4407 1535 4492; baseline -0.002 -19"><span class='ocrx_word' id='word_1_253' title='bbox 411 4408 555 4473; x_wconf 91' lang='lat' dir='ltr'>studium</span> <span class='ocrx_word' id='word_1_254' title='bbox 572 4409 745 4476; x_wconf 86' lang='lat' dir='ltr'>adhibetur</span> <span class='ocrx_word' id='word_1_255' title='bbox 762 4409 804 4473; x_wconf 92' lang='lat' dir='ltr'>ad</span> <span class='ocrx_word' id='word_1_256' title='bbox 819 4410 1019 4492; x_wconf 88' lang='lat' dir='ltr'>provisiones</span> <span class='ocrx_word' id='word_1_257' title='bbox 1036 4413 1235 4476; x_wconf 87' lang='lat' dir='ltr'>necessarias</span> <span class='ocrx_word' id='word_1_258' title='bbox 1252 4409 1428 4490; x_wconf 67' lang='lat' dir='ltr'>faciendas</span> <span class='ocrx_word' id='word_1_259' title='bbox 1445 4414 1479 4472; x_wconf 85' lang='lat' dir='ltr'>et</span> <span class='ocrx_word' id='word_1_260' title='bbox 1494 4407 1535 4472; x_wconf 89' lang='lat' dir='ltr'>ad</span> 
     </span>
     <span class='ocr_line' id='line_1_35' title="bbox 411 4515 1536 4606; baseline 0.002 -26"><span class='ocrx_word' id='word_1_261' title='bbox 411 4515 598 4580; x_wconf 83' lang='lat' dir='ltr'>excitandas</span> <span class='ocrx_word' id='word_1_262' title='bbox 628 4516 792 4606; x_wconf 85' lang='lat' dir='ltr'>principes</span> <span class='ocrx_word' id='word_1_263' title='bbox 827 4517 1019 4583; x_wconf 82' lang='lat' dir='ltr'>christianos</span> <span class='ocrx_word' id='word_1_264' title='bbox 1045 4518 1087 4587; x_wconf 86' lang='lat' dir='ltr'>ad</span> <span class='ocrx_word' id='word_1_265' title='bbox 1111 4525 1263 4587; x_wconf 86' lang='lat' dir='ltr'>sanctam.</span> <span class='ocrx_word' id='word_1_266' title='bbox 1289 4517 1536 4604; x_wconf 83' lang='lat' dir='ltr'>expeditionem.</span> 
     </span>
    </p>
   </div>
   <div class='ocr_carea' id='block_1_11' title="bbox 0 0 1667 5300">
    <p class='ocr_par' dir='ltr' id='par_1_11' title="bbox 0 0 1667 5300">
     <span class='ocr_line' id='line_1_36' title="bbox 0 0 1667 5300; baseline 0 0"><span class='ocrx_word' id='word_1_267' title='bbox 0 0 1667 5300; x_wconf 95' lang='lat' dir='ltr'> </span> 
     </span>
    </p>
   </div>
  </div>
 </body>
</html>
