3314 5300
370 377 433 436 296
723 384 960 432 nrrnunnunnm
978 370 1150 430 umidarum

370 554 528 617 sitiouem.
549 548 593 614 m
603 570 640 612 co
652 548 755 629 magis
773 548 834 611 hoc
850 545 993 624 fecimus,
1006 545 1094 628 quod
1106 546 1185 610 satis
1196 551 1286 611 certo
1298 549 1426 631 scimus,
1442 550 1511 614 hoc

369 665 439 728 sitis
463 662 581 727 facturi
607 671 678 726 cum
705 658 809 724 multa
836 657 1123 740 circumspectione
1143 662 1175 721 et
1193 657 1367 722 securitate
1394 680 1521 748 rerum

369 779 564 836 nostrarum.

477 878 601 944 Verum
618 883 654 941 ut
671 875 711 941 de
728 875 823 941 rebus
849 875 1146 959 Peloponensiacis‚
1164 896 1225 957 que
1251 874 1398 954 feliciter,
1415 877 1510 940 auxi·
1607 942 1611 947 ,

371 987 471 1052 liante
493 987 576 1069 Deo,
601 985 786 1065 succedunt,
813 1005 851 1047 ac
876 983 916 1047 de
941 984 993 1066 ijs,
1020 1003 1082 1065 que
1107 1005 1166 1066 per
1193 980 1366 1048 Oratorem
1393 982 1511 1054 Usson

372 1095 519 1176 Cassani,
546 1094 589 1160 ad
605 1095 802 1178 presentiam
820 1098 964 1157 nostram
990 1091 1168 1172 constituti,
1193 1112 1297 1174 nuper
1321 1091 1510 1174 habuimuS,

371 1203 531 1286 Majestas
549 1201 656 1284 Regia
672 1201 838 1283 particeps
854 1199 920 1280 fiat,
942 1200 1103 1263 mittimus
1119 1199 1210 1263 vobis
1235 1199 1441 1281 presentibus
1458 1202 1509 1264 in-

372 1311 462 1375 clusa
474 1310 629 1392 exempla.
646 1307 662 1370 I
666 1330 688 1371 n
697 1307 844 1374 Albania
854 1307 963 1388 etiam,
974 1307 1069 1372 sicuti
1080 1306 1300 1390 superioribus
1317 1305 1368 1371 his
1386 1307 1506 1374 diebus

374 1420 565 1501 accepimus,
581 1416 628 1482 M.
646 1411 907 1498 Scanderbegus,
933 1421 966 1480 et
982 1420 1089 1480 cetere
1115 1414 1207 1498 copie
1232 1420 1343 1479 nostre
1367 1437 1504 1498 magna·

372 1527 458 1591 nime
484 1531 600 1591 eontra
630 1525 764 1590 hostilia
789 1525 863 1588 loca
894 1523 1102 1606 prodierant,
1128 1529 1160 1587 et
1185 1521 1305 1587 bellum
1331 1525 1502 1606 gerebant,
1555 1541 1560 1549 ·

372 1635 485 1700 classis
501 1639 614 1698 nostra
630 1631 732 1695 multo
750 1630 889 1696 validior
905 1638 938 1696 et
953 1631 1155 1696 numerosior
1172 1651 1301 1696 accessu
1323 1629 1501 1715 Oapitanei

375 1743 478 1807 nostri
494 1740 656 1824 generalis
673 1739 781 1818 maris,
799 1761 894 1823 quem
908 1741 977 1824 jam
988 1737 1208 1821 expedivimus
1225 1739 1415 1804 comitatum
1426 1740 1504 1806 XII

372 1849 570 1928 triremibus
587 1870 651 1912 non
669 1847 779 1911 stabat
796 1850 908 1929 otiose,
926 1847 982 1912 sed
999 1849 1117 1912 acriter·
1133 1849 1205 1912 loca
1221 1846 1355 1912 hostilia
1369 1847 1505 1914 infesta-

375 1959 431 2038 vit,
448 1979 486 2022 ac
502 1956 589 2020 ferro
606 1957 746 2039 igneque
764 1963 893 2020 vastare
910 1956 1092 2021 conabitur.

480 2064 614 2131 Dabitis
631 2067 709 2130 item
736 2066 889 2130 noticiam
907 2064 1120 2131 Serenissimo
1137 2065 1177 2130 Ι).
1193 2064 1286 2148 Regi,
1315 2065 1427 2129 decem
1444 2065 1507 2130 Le-

374 2181 476 2258 gatos,
494 2196 575 2257 quos
592 2175 831 2256 designavimus
850 2174 892 2239 ud
910 2174 1077 2252 Summum
1103 2175 1293 2240 Pontificem
1311 2173 1504 2256 gratulandi
1579 2255 1582 2261 Ι

374 2284 480 2366 gratia
496 2284 652 2347 creationi
670 2282 863 2348 Sanctitatis
890 2282 963 2365 Sue,
989 2283 1178 2367 propediem
1202 2283 1399 2350 discessuros
1425 2304 1503 2363 esse,

371 2413 430 2474 per
442 2412 521 2472 quos
538 2413 601 2457 non
619 2392 811 2456 desistemus
823 2412 955 2474 operam
972 2391 1052 2456 dare
1068 2391 1156 2474 apud
1166 2391 1359 2458 Pontificem
1368 2392 1459 2456 Max.
1471 2401 1505 2455 et

373 2500 504 2565 studere
520 2499 617 2564 rebus
629 2499 787 2581 omnibus,
798 2520 859 2582 que
871 2500 1050 2564 conducere
1061 2498 1184 2564 habent
1199 2498 1274 2564 huic
1285 2504 1398 2563 sancte
1409 2519 1504 2581 expe-

373 2607 505 2686 ditioni3
531 2629 589 2672 uec
615 2605 812 2686 dubitamus,
839 2608 917 2689 quin
935 2606 1099 2674 Sanctitas
1117 2605 1184 2672 Sua
1209 2608 1329 2690 optime
1354 2609 1417 2669 erit
1441 2603 1506 2670 dis-

372 2713 489 2794 posita.
515 2711 560 2776 Et
576 2734 616 2776 ex
632 2734 714 2776 nunc
730 2718 861 2796 captum
882 2716 932 2796 sit,
949 2721 986 2777 ut
1002 2717 1036 2777 iu
1052 2720 1237 2797 opportuna
1252 2715 1367 2794 forma,
1384 2713 1505 2778 scriba-

373 2825 428 2881 tur
443 2819 601 2902 provisori
618 2820 722 2883 nostri
738 2820 771 2883 in
791 2821 939 2902 partibus
956 2818 1109 2901 Albanie,
1126 2821 1213 2903 item,
1231 2822 1319 2904 quod
1335 2844 1395 2904 pro
1412 2843 1506 2904 expe-

374 2925 497 2991 ditione
514 2948 722 2991 excursorum
733 2929 933 3010 accipiantur
944 2928 1077 3009 pecunie
1088 2926 1127 2991 de
1145 2928 1230 2991 omni
1248 2929 1320 2992 loco
1337 2933 1371 2992 et
1388 2925 1504 2994 officie.

481 3033 524 3118 ΔΓ
572 3037 632 3100 107
681 3075 724 3082 -
771 3040 792 3099 4
838 3075 881 3082 --
929 3045 957 3099 o.

484 3198 639 3255 (Velenczei
654 3198 835 3263 allamkdnyv
850 3207 892 3250 tu.
908 3205 938 3260 l.)

907 3550 976 3610 179.

377 3706 470 3769 1464.
504 3709 533 3768 Α
564 3707 713 3769 uelenraci
738 3709 959 3771 alltcnttundcs
984 3711 1174 3774 buldrozatu
1204 3710 1379 3776 Cli-sedant
1405 3724 1502 3777 torto·

639 3817 731 3878 ze'lcoi
746 3816 859 3880 cellcul
875 3819 1037 3901 mcpoc'telc
1054 3820 1247 3903 tu'rppdboo.

375 3989 688 4056 MOOOOLXHH.
707 3993 758 4058 die
774 3992 814 4061 V.
833 3993 996 4058 Octobris

377 4099 549 4181 Sapientes
570 4099 703 4184 COHSllll
849 4121 928 4184 Fuit
945 4119 1125 4202 Collegium
1137 4143 1210 4184 cum
1227 4128 1364 4204 cognato
1376 4123 1503 4207 Magni-

376 4204 745 4308 ffss‘llllfflllQQW
804 4230 861 4293 tice
873 4229 1030 4294 Bannisse
1048 4251 1144 4312 super
1155 4229 1243 4295 facto
1254 4227 1347 4314 Olisij
1366 4237 1398 4294 et
1415 4230 1501 4296 facta

376 4333 405 4396 ei
431 4334 652 4415 propositione
674 4335 768 4418 juxta
784 4337 880 4419 hujus
898 4334 1034 4418 Consilij
1065 4335 1341 4418 deliberationem,
1358 4338 1427 4421 ipse
1441 4360 1502 4402 res·

375 4439 498 4520 pondit,
530 4461 593 4504 non
625 4441 745 4506 habere
763 4443 796 4506 in
821 4443 1063 4522 commissione,
1089 4445 1303 4510 concludendi
1321 4445 1446 4528 aliquid
1465 4445 1501 4508 de

376 4545 496 4610 Ulissia
522 4548 589 4612 sine
616 4548 744 4631 oppidis
769 4549 930 4617 Petrovaa
956 4557 989 4616 et
1013 4551 1117 4618 altero
1144 4554 1265 4640 oppido
1375 4555 1408 4620 in
1436 4555 1499 4621 suis
