3314 5300
423 381 486 442 348
773 398 1008 444 urruouacznu
1025 381 1191 442 cursuras.

422 559 572 644 opinione
594 558 791 643 judicaveris
817 557 988 639 demente,
1017 563 1050 621 et
1067 557 1246 623 intentione
1264 580 1332 641 sua,
1358 579 1418 622 nos
1435 580 1548 642 quam·

421 669 561 756 primum
578 690 636 752 per
650 667 885 734 velocissimum
901 667 1051 732 nuntium
1066 665 1169 732 iacias
1185 667 1349 733 certiores.
1364 667 1410 732 Et
1425 668 1454 730 si
1463 665 1550 730 forte

422 777 536 844 cadem
546 776 708 860 Maiestas
725 798 746 841 a
763 775 957 860 Tepeteret,
973 796 1113 859 quenam
1128 782 1214 842 esset
1230 777 1367 841 intentio
1384 782 1501 841 nostra
1515 777 1550 841 iu

422 889 484 956 bac
499 887 656 952 materia:
674 885 829 966 volumus,
846 890 883 949 ut
900 884 929 948 ei
944 884 1151 970 respondeam,
1168 885 1257 970 quod
1272 885 1487 952 considerat-is
1504 906 1552 948 re·

421 1019 492 1062 rum
509 994 748 1064 conditionibus
764 1001 798 1060 et
813 993 1014 1077 difficultate,
1037 1017 1096 1079 pro
1112 997 1261 1080 presenti
1276 995 1442 1080 generalis
1457 1017 1553 1080 expe·

421 1106 562 1186 ditionis,
587 1104 794 1189 pondereque
815 1103 971 1168 immenso
989 1124 1212 1188 expensarum,
1236 1109 1269 1168 et
1283 1105 1436 1188 periculis
1453 1104 1553 1169 etiam

421 1221 490 1280 tum
501 1211 566 1280 Suo
579 1212 752 1295 Serenitas,
768 1218 839 1277 tum
849 1213 980 1294 nostris,
1001 1212 1128 1295 quisoli
1139 1213 1283 1277 omnium
1293 1213 1551 1278 christianorum

421 1328 549 1388 tantam
573 1323 699 1398 molem,
724 1321 948 1405 sarcinamque
975 1320 1116 1402 ferimus
1142 1321 1302 1406 opinionis
1328 1328 1440 1386 nostre
1455 1327 1554 1405 esset,

423 1429 465 1495 ab
491 1431 708 1514 apparatibus
733 1413 821 1510 belli,
848 1435 881 1495 et
901 1429 1029 1513 abipso
1045 1429 1133 1495 bollo
1149 1449 1357 1514 nequaquam
1373 1437 1551 1514 propterea

421 1537 626 1619 absistentes,
652 1539 795 1624 quinimo
821 1537 871 1602 illi
886 1537 1108 1603 vehementius
1124 1538 1355 1622 incumbentes,
1381 1560 1448 1604 non
1464 1560 1551 1622 sper-

421 1668 499 1714 nere
525 1647 624 1713 etiam
650 1647 736 1712 hanc
751 1649 930 1731 practicam
945 1647 1045 1730 pacis,
1073 1653 1105 1713 et
1121 1647 1161 1712 de
1176 1650 1387 1732 responsione
1404 1648 1550 1733 ejusdem

421 1754 619 1824 Serenitatis
637 1777 697 1839 per
712 1756 947 1822 velocissimum
963 1757 1114 1822 nuntium
1129 1777 1187 1822 nos
1205 1757 1325 1822 advisa

528 1864 580 1931 De
596 1870 692 1949 parte
711 1871 762 1932 72.

529 2012 596 2077 Per
612 2011 726 2078 literas
741 2011 782 2077 R.
797 2012 831 2076 in
849 2011 981 2077 Christo
998 2009 1121 2094 Patris,
1147 2011 1281 2076 Domini
1301 2011 1457 2095 Episcopi
1474 2007 1553 2074 Ore·
1655 2007 1656 2010 ’

421 2121 530 2202 tensis,
554 2119 671 2205 Legati
697 2119 877 2202 apostolici,
903 2141 1012 2185 sumus
1031 2119 1170 2184 advisati
1185 2119 1325 2203 Regiam
1341 2120 1553 2204 Majestatem

421 2228 601 2314 predictam
627 2229 668 2297 ab
694 2227 806 2294 eodem
822 2227 927 2293 Bassa
952 2228 992 2292 de
1016 2249 1098 2311 pace
1123 2229 1272 2294 similiter
1298 2227 1397 2293 fuisse
1414 2229 1553 2310 requisi·

421 2346 500 2420 tam,
541 2337 629 2422 quod
660 2337 808 2421 prefatus
834 2336 877 2401 D.
901 2335 1178 2421 Archiepiscopus
1202 2338 1297 2403 nobis
1322 2337 1486 2421 significat
1510 2338 1553 2402 ab
1655 2411 1656 2414 Ἴ

422 2447 535 2512 eadem
551 2445 731 2531 Majestate
747 2445 909 2526 habuisse,
935 2467 1008 2510 cum
1024 2445 1147 2526 ordine,
1162 2452 1200 2510 ut
1216 2446 1250 2510 id
1266 2447 1359 2512 nobis
1376 2447 1417 2511 de
1434 2451 1552 2512 notare

422 2556 562 2621 deberet.
595 2553 689 2619 Unde
706 2554 810 2637 Regie
827 2552 1022 2618 Celsitudini
1048 2555 1173 2636 gratias
1190 2575 1266 2636 ages
1283 2561 1395 2621 nostro
1412 2553 1554 2635 nomine,

422 2686 519 2746 quam
536 2665 570 2727 in
586 2684 621 2728 re
637 2662 707 2740 hac,
723 2667 760 2726 ut
777 2663 811 2725 in
827 2660 945 2726 ceteris
962 2660 1120 2744 omnibus,
1135 2663 1207 2744 pari
1223 2659 1395 2727 affectione
1412 2667 1445 2727 et
1460 2661 1552 2726 beni-

421 2772 564 2836 volentia
579 2770 728 2836 incedere
744 2770 888 2835 videmus
905 2769 1082 2838 nobiscum.

527 2893 668 2964 Demur'n
694 2899 759 2963 eris
785 2898 931 2962 curiosus
957 2904 990 2962 et
1013 2897 1152 2981 diligens
1177 2899 1211 2963 in
1237 2897 1411 2963 scrutando
1430 2900 1462 2962 et
1478 2919 1550 2980 per-

421 3006 589 3072 sentiendo
606 3028 715 3071 rerum
730 3007 873 3071 omnium
890 3027 1065 3088 successus,
1091 3013 1123 3071 et
1139 3013 1208 3072 tam
1224 3007 1323 3091 pacis,
1349 3027 1447 3089 quam
1462 3005 1552 3084 belli,

421 3137 641 3198 novorumque
666 3117 807 3181 omniurn
830 3116 863 3178 in
890 3115 975 3180 diem
1000 3117 1237 3181 occurrentium
1253 3121 1286 3180 et
1303 3137 1359 3199 per
1377 3116 1551 3179 continuas

421 3232 495 3289 tuas
520 3225 644 3304 literas,
668 3245 789 3307 perque
814 3225 945 3289 nuntios
962 3223 1149 3308 frequentes
1167 3231 1200 3290 et
1216 3225 1335 3290 celeres
1351 3226 1410 3288 nos
1428 3223 1551 3306 optime

422 3338 454 3396 et
480 3332 631 3397 distincte
657 3334 835 3398 instructos
862 3340 895 3397 et
921 3333 1083 3398 advisatos
1100 3333 1234 3417 tenebis,
1259 3339 1296 3398 ut
1308 3333 1403 3417 juxta
1420 3333 1552 3415 exigen-

420 3442 501 3504 tiam
517 3439 579 3505 tibi
596 3440 736 3506 scribere
752 3442 921 3524 possimus.

528 3569 698 3649 Volumus,
722 3574 759 3632 ut
784 3591 856 3633 cum
881 3569 922 3634 R.
948 3569 1089 3634 Domino
1116 3567 1370 3652 Arcbiepiscopo
1387 3565 1552 3649 Cretensi,

420 3675 546 3758 Legato
572 3678 795 3758 communices
821 3682 979 3760 quantum
1003 3677 1100 3744 rebus
1126 3679 1245 3743 nostris
1270 3677 1450 3742 conducere
1465 3677 1552 3760 judi-

421 3805 551 3849 caveus.

528 3911 689 3978 Visitabis
714 3918 826 3978 nostro
843 3913 971 3977 nomine
988 3917 1021 3976 et
1038 3912 1096 3976 sub
1112 3912 1220 3978 literis
1236 3913 1356 3978 nostris
1373 3912 1555 3978 credentia-

421 4021 507 4114 libus
524 4021 565 4086 R.
582 4004 1024 4106 DominosArchiepiscopos
1042 4021 1279 4090 Collociensem
1296 4028 1329 4088 et
1345 4021 1554 4106 Strigonien-

422 4151 496 4208 sem,
527 4128 692 4213 faciesque
724 4152 833 4196 omnes
865 4131 939 4196 illas
965 4132 1180 4197 salutationes
1206 4137 1239 4196 et
1265 4131 1458 4212 oblationes
1488 4153 1553 4214 que

421 4240 646 4304 convenientes
662 4238 792 4324 fuerint,
809 4246 841 4304 et
857 4239 1027 4324 prudentie
1044 4247 1099 4305 tue
1116 4240 1321 4306 videbuntur.

528 4363 692 4432 Volumus
721 4366 858 4449 demum,
889 4374 925 4432 ut
950 4366 1238 4432 aldolesoentulum
1264 4365 1365 4446 illum,
1396 4364 1556 4431 Fratrem

422 4472 531 4552 Terei,
549 4494 643 4556 quern
656 4475 814 4541 Oratores
825 4474 920 4558 Regij
939 4497 1046 4540 secum
1056 4476 1089 4538 iu
1099 4474 1308 4557 Hungariam
1317 4473 1555 4555 conduxerunt,

421 4580 568 4667 benigne,
592 4581 796 4670 humaneque
812 4583 929 4668 videas,
956 4589 988 4648 et
1006 4584 1172 4671 suscipias,
1188 4588 1300 4650 nostro
1319 4583 1448 4650 nomine
1466 4582 1557 4650 salu·
