<?xml version="1.0" encoding="UTF-8"?>
<!DOCTYPE html PUBLIC "-//W3C//DTD XHTML 1.0 Transitional//EN"
    "http://www.w3.org/TR/xhtml1/DTD/xhtml1-transitional.dtd">
<html xmlns="http://www.w3.org/1999/xhtml" xml:lang="en" lang="en">
 <head>
  <title>
</title>
<meta http-equiv="Content-Type" content="text/html;charset=utf-8" />
  <meta name='ocr-system' content='tesseract 3.04.00' />
  <meta name='ocr-capabilities' content='ocr_page ocr_carea ocr_par ocr_line ocrx_word'/>
</head>
<body>
  <div class='ocr_page' id='page_1' title='image "./magyardiplomacz01mattgoog_0125.png"; bbox 0 0 3268 5308; ppageno 0'>
   <div class='ocr_carea' id='block_1_1' title="bbox 648 308 1258 482">
    <p class='ocr_par' dir='ltr' id='par_1_1' title="bbox 648 308 1258 482">
     <span class='ocr_line' id='line_1_1' title="bbox 648 308 1258 482; baseline 0 -46"><span class='ocrx_word' id='word_1_1' title='bbox 648 365 742 482; x_wconf 73' lang='lat' dir='ltr'>usa</span> <span class='ocrx_word' id='word_1_2' title='bbox 1120 308 1122 318; x_wconf 34' lang='lat'><strong>¹</strong></span> <span class='ocrx_word' id='word_1_3' title='bbox 1217 362 1258 436; x_wconf 79' lang='lat' dir='ltr'>sa</span> 
     </span>
    </p>
   </div>
   <div class='ocr_carea' id='block_1_2' title="bbox 132 548 1264 2041">
    <p class='ocr_par' dir='ltr' id='par_1_2' title="bbox 132 548 1264 2041">
     <span class='ocr_line' id='line_1_2' title="bbox 243 548 1261 635; baseline -0.003 -18"><span class='ocrx_word' id='word_1_4' title='bbox 243 548 394 617; x_wconf 85' lang='lat' dir='ltr'>Vidimus</span> <span class='ocrx_word' id='word_1_5' title='bbox 410 550 539 616; x_wconf 81' lang='lat' dir='ltr'>litteras</span> <span class='ocrx_word' id='word_1_6' title='bbox 555 557 690 631; x_wconf 81' lang='lat' dir='ltr'>vestras,</span> <span class='ocrx_word' id='word_1_7' title='bbox 715 551 833 634; x_wconf 91' lang='lat' dir='ltr'>quibus</span> <span class='ocrx_word' id='word_1_8' title='bbox 849 552 942 619; x_wconf 92' lang='lat' dir='ltr'>nobis</span> <span class='ocrx_word' id='word_1_9' title='bbox 968 551 1159 635; x_wconf 72' lang='lat' dir='ltr'>scripsistis,v</span> <span class='ocrx_word' id='word_1_10' title='bbox 1178 549 1261 615; x_wconf 84' lang='lat' dir='ltr'>Rec-</span> 
     </span>
     <span class='ocr_line' id='line_1_3' title="bbox 133 654 1262 743; baseline 0.002 -23"><span class='ocrx_word' id='word_1_11' title='bbox 133 661 222 720; x_wconf 89' lang='lat' dir='ltr'>tores</span> <span class='ocrx_word' id='word_1_12' title='bbox 233 654 663 743; x_wconf 75' lang='lat' dir='ltr'>Bannivcbissignificassa</span> <span class='ocrx_word' id='word_1_13' title='bbox 677 660 712 724; x_wconf 94' lang='lat' dir='ltr'>in</span> <span class='ocrx_word' id='word_1_14' title='bbox 727 660 889 726; x_wconf 84' lang='lat' dir='ltr'>mandatis</span> <span class='ocrx_word' id='word_1_15' title='bbox 907 659 1061 726; x_wconf 83' lang='lat' dir='ltr'>habuisse</span> <span class='ocrx_word' id='word_1_16' title='bbox 1078 657 1169 725; x_wconf 86' lang='lat' dir='ltr'>vobis</span> <span class='ocrx_word' id='word_1_17' title='bbox 1187 679 1262 724; x_wconf 89' lang='lat' dir='ltr'>oon·</span> 
     </span>
     <span class='ocr_line' id='line_1_4' title="bbox 136 763 1262 853; baseline 0.003 -26"><span class='ocrx_word' id='word_1_18' title='bbox 136 763 371 846; x_wconf 85' lang='lat' dir='ltr'>signandorum</span> <span class='ocrx_word' id='word_1_19' title='bbox 394 765 538 832; x_wconf 88' lang='lat' dir='ltr'>locorum</span> <span class='ocrx_word' id='word_1_20' title='bbox 554 765 672 833; x_wconf 83' lang='lat' dir='ltr'>Olissie</span> <span class='ocrx_word' id='word_1_21' title='bbox 688 774 721 834; x_wconf 90' lang='lat' dir='ltr'>et</span> <span class='ocrx_word' id='word_1_22' title='bbox 737 763 916 852; x_wconf 85' lang='lat' dir='ltr'>Ostrovize‚</span> <span class='ocrx_word' id='word_1_23' title='bbox 944 790 1021 835; x_wconf 86' lang='lat' dir='ltr'>casu</span> <span class='ocrx_word' id='word_1_24' title='bbox 1037 789 1100 853; x_wconf 90' lang='lat' dir='ltr'>quo</span> <span class='ocrx_word' id='word_1_25' title='bbox 1116 766 1262 832; x_wconf 83' lang='lat' dir='ltr'>viderent</span> 
     </span>
     <span class='ocr_line' id='line_1_5' title="bbox 134 873 1262 960; baseline 0.001 -23"><span class='ocrx_word' id='word_1_26' title='bbox 134 892 175 937; x_wconf 89' lang='lat' dir='ltr'>ea</span> <span class='ocrx_word' id='word_1_27' title='bbox 191 877 302 938; x_wconf 90' lang='lat' dir='ltr'>tenere</span> <span class='ocrx_word' id='word_1_28' title='bbox 317 894 382 939; x_wconf 92' lang='lat' dir='ltr'>non</span> <span class='ocrx_word' id='word_1_29' title='bbox 399 894 504 958; x_wconf 88' lang='lat' dir='ltr'>posse,</span> <span class='ocrx_word' id='word_1_30' title='bbox 527 873 644 958; x_wconf 91' lang='lat' dir='ltr'>quibus</span> <span class='ocrx_word' id='word_1_31' title='bbox 660 876 842 959; x_wconf 86' lang='lat' dir='ltr'>intellectis,</span> <span class='ocrx_word' id='word_1_32' title='bbox 859 877 1127 960; x_wconf 88' lang='lat' dir='ltr'>considerataque</span> <span class='ocrx_word' id='word_1_33' title='bbox 1143 877 1262 959; x_wconf 91' lang='lat' dir='ltr'>impor-</span> 
     </span>
     <span class='ocr_line' id='line_1_6' title="bbox 134 980 1262 1064; baseline 0.001 -20"><span class='ocrx_word' id='word_1_34' title='bbox 134 981 245 1045; x_wconf 81' lang='lat' dir='ltr'>tantia</span> <span class='ocrx_word' id='word_1_35' title='bbox 268 980 414 1063; x_wconf 90' lang='lat' dir='ltr'>ipsorum</span> <span class='ocrx_word' id='word_1_36' title='bbox 430 982 574 1048; x_wconf 90' lang='lat' dir='ltr'>locorum</span> <span class='ocrx_word' id='word_1_37' title='bbox 589 984 691 1048; x_wconf 88' lang='lat' dir='ltr'>statui</span> <span class='ocrx_word' id='word_1_38' title='bbox 707 989 828 1064; x_wconf 90' lang='lat' dir='ltr'>nostro,</span> <span class='ocrx_word' id='word_1_39' title='bbox 851 981 944 1050; x_wconf 86' lang='lat' dir='ltr'>vobis</span> <span class='ocrx_word' id='word_1_40' title='bbox 960 1005 1032 1050; x_wconf 90' lang='lat' dir='ltr'>oum</span> <span class='ocrx_word' id='word_1_41' title='bbox 1047 990 1160 1050; x_wconf 88' lang='lat' dir='ltr'>nostro</span> <span class='ocrx_word' id='word_1_42' title='bbox 1178 982 1262 1048; x_wconf 79' lang='lat' dir='ltr'>Con·</span> 
     </span>
     <span class='ocr_line' id='line_1_7' title="bbox 133 1086 1262 1176; baseline 0.003 -25"><span class='ocrx_word' id='word_1_43' title='bbox 133 1086 209 1153; x_wconf 92' lang='lat' dir='ltr'>silio</span> <span class='ocrx_word' id='word_1_44' title='bbox 227 1087 433 1171; x_wconf 85' lang='lat' dir='ltr'>Rogatorum</span> <span class='ocrx_word' id='word_1_45' title='bbox 449 1092 651 1172; x_wconf 86' lang='lat' dir='ltr'>mandamus,</span> <span class='ocrx_word' id='word_1_46' title='bbox 667 1094 753 1176; x_wconf 90' lang='lat' dir='ltr'>quod</span> <span class='ocrx_word' id='word_1_47' title='bbox 770 1093 798 1157; x_wconf 92' lang='lat' dir='ltr'>si</span> <span class='ocrx_word' id='word_1_48' title='bbox 814 1093 966 1157; x_wconf 87' lang='lat' dir='ltr'>videretis</span> <span class='ocrx_word' id='word_1_49' title='bbox 982 1092 1053 1158; x_wconf 90' lang='lat' dir='ltr'>loca</span> <span class='ocrx_word' id='word_1_50' title='bbox 1068 1092 1140 1175; x_wconf 87' lang='lat' dir='ltr'>ipsa</span> <span class='ocrx_word' id='word_1_51' title='bbox 1156 1114 1176 1156; x_wconf 91' lang='lat' dir='ltr'>a</span> <span class='ocrx_word' id='word_1_52' title='bbox 1191 1111 1262 1174; x_wconf 91' lang='lat' dir='ltr'>pre-</span> 
     </span>
     <span class='ocr_line' id='line_1_8' title="bbox 132 1195 1262 1284; baseline 0.004 -24"><span class='ocrx_word' id='word_1_53' title='bbox 132 1195 203 1261; x_wconf 83' lang='lat' dir='ltr'>fato</span> <span class='ocrx_word' id='word_1_54' title='bbox 215 1195 332 1262; x_wconf 89' lang='lat' dir='ltr'>Banno</span> <span class='ocrx_word' id='word_1_55' title='bbox 349 1219 439 1264; x_wconf 87' lang='lat' dir='ltr'>seua</span> <span class='ocrx_word' id='word_1_56' title='bbox 459 1199 605 1264; x_wconf 84' lang='lat' dir='ltr'><strong>comissis</strong></span> <span class='ocrx_word' id='word_1_57' title='bbox 622 1203 689 1265; x_wconf 91' lang='lat' dir='ltr'>suis</span> <span class='ocrx_word' id='word_1_58' title='bbox 704 1199 824 1266; x_wconf 89' lang='lat' dir='ltr'>babere</span> <span class='ocrx_word' id='word_1_59' title='bbox 840 1220 945 1284; x_wconf 87' lang='lat' dir='ltr'>posse,</span> <span class='ocrx_word' id='word_1_60' title='bbox 962 1201 1028 1266; x_wconf 90' lang='lat' dir='ltr'>sive</span> <span class='ocrx_word' id='word_1_61' title='bbox 1043 1200 1262 1284; x_wconf 87' lang='lat' dir='ltr'>preciousque</span> 
     </span>
     <span class='ocr_line' id='line_1_9' title="bbox 134 1303 1263 1394; baseline 0.002 -26"><span class='ocrx_word' id='word_1_62' title='bbox 134 1325 295 1370; x_wconf 90' lang='lat' dir='ltr'>summam</span> <span class='ocrx_word' id='word_1_63' title='bbox 319 1303 522 1372; x_wconf 89' lang='lat' dir='ltr'>Ducatorum</span> <span class='ocrx_word' id='word_1_64' title='bbox 548 1306 589 1374; x_wconf 90' lang='lat' dir='ltr'>V.</span> <span class='ocrx_word' id='word_1_65' title='bbox 617 1308 706 1373; x_wconf 85' lang='lat' dir='ltr'>min</span> <span class='ocrx_word' id='word_1_66' title='bbox 723 1309 784 1376; x_wconf 89' lang='lat' dir='ltr'>VI.</span> <span class='ocrx_word' id='word_1_67' title='bbox 810 1329 851 1372; x_wconf 92' lang='lat' dir='ltr'>m.</span> <span class='ocrx_word' id='word_1_68' title='bbox 867 1330 927 1392; x_wconf 90' lang='lat' dir='ltr'>pro</span> <span class='ocrx_word' id='word_1_69' title='bbox 953 1305 1086 1394; x_wconf 82' lang='lat' dir='ltr'>Olissia,</span> <span class='ocrx_word' id='word_1_70' title='bbox 1116 1327 1176 1392; x_wconf 90' lang='lat' dir='ltr'>pro</span> <span class='ocrx_word' id='word_1_71' title='bbox 1203 1304 1263 1372; x_wconf 89' lang='lat' dir='ltr'>Os-</span> 
     </span>
     <span class='ocr_line' id='line_1_10' title="bbox 136 1412 1261 1499; baseline 0.001 -23"><span class='ocrx_word' id='word_1_72' title='bbox 136 1413 265 1478; x_wconf 85' lang='lat' dir='ltr'>troviza</span> <span class='ocrx_word' id='word_1_73' title='bbox 291 1435 366 1478; x_wconf 90' lang='lat' dir='ltr'>vero</span> <span class='ocrx_word' id='word_1_74' title='bbox 391 1435 494 1499; x_wconf 91' lang='lat' dir='ltr'>usque</span> <span class='ocrx_word' id='word_1_75' title='bbox 521 1437 678 1482; x_wconf 92' lang='lat' dir='ltr'>summam</span> <span class='ocrx_word' id='word_1_76' title='bbox 703 1416 905 1483; x_wconf 85' lang='lat' dir='ltr'>Ducatornm</span> <span class='ocrx_word' id='word_1_77' title='bbox 930 1415 976 1481; x_wconf 89' lang='lat' dir='ltr'>H.</span> <span class='ocrx_word' id='word_1_78' title='bbox 1002 1437 1043 1481; x_wconf 91' lang='lat' dir='ltr'>m.</span> <span class='ocrx_word' id='word_1_79' title='bbox 1068 1415 1102 1479; x_wconf 92' lang='lat' dir='ltr'>in</span> <span class='ocrx_word' id='word_1_80' title='bbox 1128 1412 1195 1480; x_wconf 90' lang='lat' dir='ltr'>HI.</span> <span class='ocrx_word' id='word_1_81' title='bbox 1219 1435 1261 1478; x_wconf 92' lang='lat' dir='ltr'>m.</span> 
     </span>
     <span class='ocr_line' id='line_1_11' title="bbox 136 1518 1262 1608; baseline 0.003 -26"><span class='ocrx_word' id='word_1_82' title='bbox 136 1518 204 1583; x_wconf 90' lang='lat' dir='ltr'>sive</span> <span class='ocrx_word' id='word_1_83' title='bbox 220 1519 254 1583; x_wconf 93' lang='lat' dir='ltr'>in</span> <span class='ocrx_word' id='word_1_84' title='bbox 271 1519 461 1604; x_wconf 88' lang='lat' dir='ltr'>depositum,</span> <span class='ocrx_word' id='word_1_85' title='bbox 477 1523 597 1587; x_wconf 90' lang='lat' dir='ltr'>erimus</span> <span class='ocrx_word' id='word_1_86' title='bbox 613 1522 756 1589; x_wconf 87' lang='lat' dir='ltr'>contenti</span> <span class='ocrx_word' id='word_1_87' title='bbox 767 1523 996 1608; x_wconf 82' lang='lat' dir='ltr'>illaacoipere3</span> <span class='ocrx_word' id='word_1_88' title='bbox 1012 1544 1123 1589; x_wconf 82' lang='lat' dir='ltr'>verum</span> <span class='ocrx_word' id='word_1_89' title='bbox 1134 1521 1160 1588; x_wconf 90' lang='lat' dir='ltr'>si</span> <span class='ocrx_word' id='word_1_90' title='bbox 1171 1521 1262 1587; x_wconf 85' lang='lat' dir='ltr'>adhi-</span> 
     </span>
     <span class='ocr_line' id='line_1_12' title="bbox 134 1627 1262 1714; baseline 0.001 -22"><span class='ocrx_word' id='word_1_91' title='bbox 134 1627 207 1692; x_wconf 90' lang='lat' dir='ltr'>bita</span> <span class='ocrx_word' id='word_1_92' title='bbox 222 1648 280 1710; x_wconf 90' lang='lat' dir='ltr'>per</span> <span class='ocrx_word' id='word_1_93' title='bbox 295 1648 352 1693; x_wconf 87' lang='lat' dir='ltr'>vos</span> <span class='ocrx_word' id='word_1_94' title='bbox 368 1629 455 1694; x_wconf 89' lang='lat' dir='ltr'>omni</span> <span class='ocrx_word' id='word_1_95' title='bbox 472 1629 644 1713; x_wconf 84' lang='lat' dir='ltr'>diligentia</span> <span class='ocrx_word' id='word_1_96' title='bbox 660 1629 711 1694; x_wconf 88' lang='lat' dir='ltr'>his</span> <span class='ocrx_word' id='word_1_97' title='bbox 727 1629 831 1696; x_wconf 91' lang='lat' dir='ltr'>modis</span> <span class='ocrx_word' id='word_1_98' title='bbox 847 1631 928 1695; x_wconf 93' lang='lat' dir='ltr'>nihil</span> <span class='ocrx_word' id='word_1_99' title='bbox 940 1629 1096 1714; x_wconf 88' lang='lat' dir='ltr'>proficere</span> <span class='ocrx_word' id='word_1_100' title='bbox 1112 1630 1262 1714; x_wconf 85' lang='lat' dir='ltr'>possetis,</span> 
     </span>
     <span class='ocr_line' id='line_1_13' title="bbox 139 1735 1264 1823; baseline 0.001 -22"><span class='ocrx_word' id='word_1_101' title='bbox 139 1742 175 1801; x_wconf 87' lang='lat' dir='ltr'>et</span> <span class='ocrx_word' id='word_1_102' title='bbox 190 1735 346 1801; x_wconf 89' lang='lat' dir='ltr'>videretis</span> <span class='ocrx_word' id='word_1_103' title='bbox 363 1757 418 1802; x_wconf 88' lang='lat' dir='ltr'>eos</span> <span class='ocrx_word' id='word_1_104' title='bbox 435 1759 561 1821; x_wconf 82' lang='lat' dir='ltr'>cupere,</span> <span class='ocrx_word' id='word_1_105' title='bbox 577 1745 613 1804; x_wconf 87' lang='lat' dir='ltr'>ut</span> <span class='ocrx_word' id='word_1_106' title='bbox 637 1739 707 1822; x_wconf 87' lang='lat' dir='ltr'>ipsa</span> <span class='ocrx_word' id='word_1_107' title='bbox 723 1739 755 1804; x_wconf 90' lang='lat' dir='ltr'>in</span> <span class='ocrx_word' id='word_1_108' title='bbox 772 1744 918 1804; x_wconf 85' lang='lat' dir='ltr'>nostram</span> <span class='ocrx_word' id='word_1_109' title='bbox 934 1739 1166 1823; x_wconf 88' lang='lat' dir='ltr'>protectionem</span> <span class='ocrx_word' id='word_1_110' title='bbox 1183 1739 1264 1802; x_wconf 92' lang='lat' dir='ltr'>acci-</span> 
     </span>
     <span class='ocr_line' id='line_1_14' title="bbox 135 1847 1264 1932; baseline 0 -22"><span class='ocrx_word' id='word_1_111' title='bbox 135 1868 296 1931; x_wconf 87' lang='lat' dir='ltr'>peremus,</span> <span class='ocrx_word' id='word_1_112' title='bbox 322 1870 431 1914; x_wconf 89' lang='lat' dir='ltr'>sumus</span> <span class='ocrx_word' id='word_1_113' title='bbox 458 1852 611 1932; x_wconf 82' lang='lat' dir='ltr'>contenti,</span> <span class='ocrx_word' id='word_1_114' title='bbox 636 1870 677 1914; x_wconf 89' lang='lat' dir='ltr'>ne</span> <span class='ocrx_word' id='word_1_115' title='bbox 701 1849 736 1914; x_wconf 92' lang='lat' dir='ltr'>in</span> <span class='ocrx_word' id='word_1_116' title='bbox 761 1851 927 1915; x_wconf 90' lang='lat' dir='ltr'>sinistrum</span> <span class='ocrx_word' id='word_1_117' title='bbox 954 1848 1076 1914; x_wconf 83' lang='lat' dir='ltr'>vadant</span> <span class='ocrx_word' id='word_1_118' title='bbox 1091 1869 1164 1912; x_wconf 90' lang='lat' dir='ltr'>cnm</span> <span class='ocrx_word' id='word_1_119' title='bbox 1179 1847 1264 1930; x_wconf 89' lang='lat' dir='ltr'>peri-</span> 
     </span>
     <span class='ocr_line' id='line_1_15' title="bbox 136 1954 1263 2041; baseline -0.002 -21"><span class='ocrx_word' id='word_1_120' title='bbox 136 1957 213 2021; x_wconf 89' lang='lat' dir='ltr'>culo</span> <span class='ocrx_word' id='word_1_121' title='bbox 240 1960 344 2021; x_wconf 89' lang='lat' dir='ltr'>status</span> <span class='ocrx_word' id='word_1_122' title='bbox 368 1957 481 2039; x_wconf 89' lang='lat' dir='ltr'>nostri,</span> <span class='ocrx_word' id='word_1_123' title='bbox 506 1957 593 2040; x_wconf 91' lang='lat' dir='ltr'>quod</span> <span class='ocrx_word' id='word_1_124' title='bbox 617 1957 675 2021; x_wconf 91' lang='lat' dir='ltr'>illa</span> <span class='ocrx_word' id='word_1_125' title='bbox 700 1958 734 2021; x_wconf 89' lang='lat' dir='ltr'>in</span> <span class='ocrx_word' id='word_1_126' title='bbox 758 1958 990 2041; x_wconf 85' lang='lat' dir='ltr'>protectionem</span> <span class='ocrx_word' id='word_1_127' title='bbox 1008 1961 1119 2021; x_wconf 90' lang='lat' dir='ltr'>nostro</span> <span class='ocrx_word' id='word_1_128' title='bbox 1134 1954 1263 2020; x_wconf 88' lang='lat' dir='ltr'>nominc</span> 
     </span>
    </p>
   </div>
   <div class='ocr_carea' id='block_1_3' title="bbox 136 2061 1211 2256">
    <p class='ocr_par' dir='ltr' id='par_1_3' title="bbox 136 2061 1211 2256">
     <span class='ocr_line' id='line_1_16' title="bbox 136 2061 1211 2148; baseline -0.004 -19"><span class='ocrx_word' id='word_1_129' title='bbox 136 2064 333 2148; x_wconf 85' lang='lat' dir='ltr'>suscipiatis,</span> <span class='ocrx_word' id='word_1_130' title='bbox 360 2063 633 2148; x_wconf 87' lang='lat' dir='ltr'>quemadmodum</span> <span class='ocrx_word' id='word_1_131' title='bbox 649 2065 732 2130; x_wconf 88' lang='lat' dir='ltr'>alius</span> <span class='ocrx_word' id='word_1_132' title='bbox 750 2065 948 2148; x_wconf 81' lang='lat' dir='ltr'>suscepimus</span> <span class='ocrx_word' id='word_1_133' title='bbox 964 2064 1071 2130; x_wconf 89' lang='lat' dir='ltr'>locum</span> <span class='ocrx_word' id='word_1_134' title='bbox 1087 2061 1211 2127; x_wconf 84' lang='lat' dir='ltr'>Olissie.</span> 
     </span>
     <span class='ocr_line' id='line_1_17' title="bbox 248 2172 1040 2256; baseline -0.004 -19"><span class='ocrx_word' id='word_1_135' title='bbox 248 2172 1040 2256; x_wconf 71' lang='lat'><strong>†37-30-18—-13—26.</strong></span> 
     </span>
    </p>
   </div>
   <div class='ocr_carea' id='block_1_4' title="bbox 246 2320 695 2384">
    <p class='ocr_par' dir='ltr' id='par_1_4' title="bbox 246 2320 695 2384">
     <span class='ocr_line' id='line_1_18' title="bbox 246 2320 695 2384; baseline 0.002 -16"><span class='ocrx_word' id='word_1_136' title='bbox 246 2320 403 2381; x_wconf 81' lang='lat' dir='ltr'>(Velenczei</span> <span class='ocrx_word' id='word_1_137' title='bbox 416 2320 596 2384; x_wconf 80' lang='lat' dir='ltr'>allamkonyv</span> <span class='ocrx_word' id='word_1_138' title='bbox 610 2325 652 2371; x_wconf 84' lang='grc'>66.</span> <span class='ocrx_word' id='word_1_139' title='bbox 666 2320 695 2380; x_wconf 91' lang='lat' dir='ltr'>l.)</span> 
     </span>
    </p>
   </div>
   <div class='ocr_carea' id='block_1_5' title="bbox 677 2771 729 2834">
    <p class='ocr_par' dir='ltr' id='par_1_5' title="bbox 677 2771 729 2834">
     <span class='ocr_line' id='line_1_19' title="bbox 677 2771 729 2834; baseline 0 -1"><span class='ocrx_word' id='word_1_140' title='bbox 677 2771 729 2834; x_wconf 88' lang='lat'>65.</span> 
     </span>
    </p>
   </div>
   <div class='ocr_carea' id='block_1_6' title="bbox 139 2926 1266 3126">
    <p class='ocr_par' dir='ltr' id='par_1_6' title="bbox 139 2926 1266 3126">
     <span class='ocr_line' id='line_1_20' title="bbox 139 2926 1266 3017; baseline -0.006 -19"><span class='ocrx_word' id='word_1_141' title='bbox 139 2933 238 2998; x_wconf 79' lang='lat'><strong>1461.</strong></span> <span class='ocrx_word' id='word_1_142' title='bbox 257 2932 286 2996; x_wconf 88' lang='lat' dir='ltr'><em>A</em></span> <span class='ocrx_word' id='word_1_143' title='bbox 305 2931 451 2998; x_wconf 78' lang='lat' dir='ltr'>boezaiui</span> <span class='ocrx_word' id='word_1_144' title='bbox 466 2929 641 3017; x_wconf 70' lang='lat' dir='ltr'>kirdlyuolc</span> <span class='ocrx_word' id='word_1_145' title='bbox 658 2953 679 2993; x_wconf 88' lang='lat' dir='ltr'>a</span> <span class='ocrx_word' id='word_1_146' title='bbox 694 2929 843 2996; x_wconf 81' lang='lat' dir='ltr'>velcaczei</span> <span class='ocrx_word' id='word_1_147' title='bbox 858 2926 1123 3013; x_wconf 72' lang='lat' dir='ltr'>leoztrtrsuso&#39;qboz</span> <span class='ocrx_word' id='word_1_148' title='bbox 1139 2927 1266 2991; x_wconf 79' lang='lat' dir='ltr'>intc&#39;zett</span> 
     </span>
     <span class='ocr_line' id='line_1_21' title="bbox 564 3038 844 3126; baseline -0.004 -22"><span class='ocrx_word' id='word_1_149' title='bbox 564 3040 694 3104; x_wconf 73' lang='lat' dir='ltr'>kerclms&#39;</span> <span class='ocrx_word' id='word_1_150' title='bbox 705 3038 844 3126; x_wconf 80' lang='lat' dir='ltr'>pontjoi.</span> 
     </span>
    </p>
   </div>
   <div class='ocr_carea' id='block_1_7' title="bbox 138 3230 1273 4618">
    <p class='ocr_par' dir='ltr' id='par_1_7' title="bbox 138 3230 1271 3862">
     <span class='ocr_line' id='line_1_22' title="bbox 248 3230 1268 3323; baseline -0.004 -23"><span class='ocrx_word' id='word_1_151' title='bbox 248 3234 405 3321; x_wconf 78' lang='lat' dir='ltr'>Capitula</span> <span class='ocrx_word' id='word_1_152' title='bbox 430 3233 636 3303; x_wconf 82' lang='lat' dir='ltr'>Serenissimi</span> <span class='ocrx_word' id='word_1_153' title='bbox 661 3240 693 3302; x_wconf 91' lang='lat' dir='ltr'>et</span> <span class='ocrx_word' id='word_1_154' title='bbox 717 3232 992 3323; x_wconf 81' lang='lat' dir='ltr'>Excellentissimi</span> <span class='ocrx_word' id='word_1_155' title='bbox 1008 3231 1148 3296; x_wconf 89' lang='lat' dir='ltr'>Domine</span> <span class='ocrx_word' id='word_1_156' title='bbox 1163 3230 1268 3315; x_wconf 82' lang='lat' dir='ltr'>Regis</span> 
     </span>
     <span class='ocr_line' id='line_1_23' title="bbox 138 3341 1268 3430; baseline -0.007 -18"><span class='ocrx_word' id='word_1_157' title='bbox 138 3347 288 3430; x_wconf 86' lang='lat' dir='ltr'>Bossine,</span> <span class='ocrx_word' id='word_1_158' title='bbox 315 3352 464 3430; x_wconf 88' lang='lat' dir='ltr'>porrecta</span> <span class='ocrx_word' id='word_1_159' title='bbox 479 3369 537 3430; x_wconf 90' lang='lat' dir='ltr'>per</span> <span class='ocrx_word' id='word_1_160' title='bbox 553 3345 765 3428; x_wconf 83' lang='lat' dir='ltr'>Magnificum</span> <span class='ocrx_word' id='word_1_161' title='bbox 781 3343 956 3411; x_wconf 90' lang='lat' dir='ltr'>Oratorem</span> <span class='ocrx_word' id='word_1_162' title='bbox 973 3341 1037 3409; x_wconf 81' lang='lat' dir='ltr'>Sue</span> <span class='ocrx_word' id='word_1_163' title='bbox 1054 3341 1268 3408; x_wconf 82' lang='lat' dir='ltr'>Serenissime</span> 
     </span>
     <span class='ocr_line' id='line_1_24' title="bbox 139 3450 1270 3539; baseline -0.006 -18"><span class='ocrx_word' id='word_1_164' title='bbox 139 3453 567 3539; x_wconf 85' lang='lat' dir='ltr'>MajestatisIllustrissimo</span> <span class='ocrx_word' id='word_1_165' title='bbox 578 3454 732 3521; x_wconf 92' lang='lat' dir='ltr'>Dominio</span> <span class='ocrx_word' id='word_1_166' title='bbox 742 3454 965 3535; x_wconf 88' lang='lat' dir='ltr'>Venetiarum,</span> <span class='ocrx_word' id='word_1_167' title='bbox 982 3451 1021 3516; x_wconf 88' lang='lat' dir='ltr'>de</span> <span class='ocrx_word' id='word_1_168' title='bbox 1038 3450 1158 3535; x_wconf 93' lang='lat' dir='ltr'>quibus</span> <span class='ocrx_word' id='word_1_169' title='bbox 1175 3471 1270 3532; x_wconf 88' lang='lat' dir='ltr'>expo·</span> 
     </span>
     <span class='ocr_line' id='line_1_25' title="bbox 141 3559 1269 3647; baseline -0.004 -21"><span class='ocrx_word' id='word_1_170' title='bbox 141 3563 261 3629; x_wconf 88' lang='lat' dir='ltr'>sitione</span> <span class='ocrx_word' id='word_1_171' title='bbox 277 3585 335 3647; x_wconf 90' lang='lat' dir='ltr'>per</span> <span class='ocrx_word' id='word_1_172' title='bbox 351 3563 420 3645; x_wconf 90' lang='lat' dir='ltr'>ejus</span> <span class='ocrx_word' id='word_1_173' title='bbox 431 3563 712 3646; x_wconf 76' lang='lat' dir='ltr'>Magnificenciam</span> <span class='ocrx_word' id='word_1_174' title='bbox 729 3568 880 3628; x_wconf 85' lang='lat' dir='ltr'>oretenus</span> <span class='ocrx_word' id='word_1_175' title='bbox 893 3561 991 3642; x_wconf 87' lang='lat' dir='ltr'>faeta,</span> <span class='ocrx_word' id='word_1_176' title='bbox 1006 3559 1269 3626; x_wconf 86' lang='lat' dir='ltr'>Illustrissimum</span> 
     </span>
     <span class='ocr_line' id='line_1_26' title="bbox 139 3664 1271 3754; baseline -0.007 -17"><span class='ocrx_word' id='word_1_177' title='bbox 139 3669 332 3737; x_wconf 89' lang='lat' dir='ltr'>Dominium</span> <span class='ocrx_word' id='word_1_178' title='bbox 346 3669 509 3754; x_wconf 87' lang='lat' dir='ltr'>prefatum</span> <span class='ocrx_word' id='word_1_179' title='bbox 525 3669 623 3736; x_wconf 86' lang='lat' dir='ltr'>debet</span> <span class='ocrx_word' id='word_1_180' title='bbox 640 3691 709 3736; x_wconf 87' lang='lat' dir='ltr'>esse</span> <span class='ocrx_word' id='word_1_181' title='bbox 726 3669 847 3753; x_wconf 85' lang='lat' dir='ltr'>optime</span> <span class='ocrx_word' id='word_1_182' title='bbox 865 3675 897 3735; x_wconf 89' lang='lat' dir='ltr'>et</span> <span class='ocrx_word' id='word_1_183' title='bbox 912 3666 1154 3753; x_wconf 82' lang='lat' dir='ltr'>particulariter</span> <span class='ocrx_word' id='word_1_184' title='bbox 1171 3664 1271 3730; x_wconf 84' lang='lat' dir='ltr'>intor-</span> 
     </span>
     <span class='ocr_line' id='line_1_27' title="bbox 140 3777 1042 3862; baseline 0.008 -19"><span class='ocrx_word' id='word_1_185' title='bbox 140 3783 274 3844; x_wconf 85' lang='lat' dir='ltr'>matum.</span> <span class='ocrx_word' id='word_1_186' title='bbox 298 3777 344 3844; x_wconf 83' lang='lat' dir='ltr'>Elt</span> <span class='ocrx_word' id='word_1_187' title='bbox 359 3779 473 3862; x_wconf 89' lang='lat' dir='ltr'>primo.</span> <span class='ocrx_word' id='word_1_188' title='bbox 1041 3845 1042 3850; x_wconf 73' lang='grc'>,</span> 
     </span>
    </p>

    <p class='ocr_par' dir='ltr' id='par_1_8' title="bbox 142 3881 1273 4618">
     <span class='ocr_line' id='line_1_28' title="bbox 242 3881 1270 3971; baseline -0.007 -19"><span class='ocrx_word' id='word_1_189' title='bbox 242 3886 336 3953; x_wconf 87' lang='lat' dir='ltr'>Petit</span> <span class='ocrx_word' id='word_1_190' title='bbox 346 3892 379 3953; x_wconf 89' lang='lat' dir='ltr'>et</span> <span class='ocrx_word' id='word_1_191' title='bbox 387 3887 526 3971; x_wconf 91' lang='lat' dir='ltr'>requirit</span> <span class='ocrx_word' id='word_1_192' title='bbox 536 3887 623 3954; x_wconf 85' lang='lat' dir='ltr'>idem</span> <span class='ocrx_word' id='word_1_193' title='bbox 634 3884 867 3953; x_wconf 81' lang='lat' dir='ltr'>Serenissimus</span> <span class='ocrx_word' id='word_1_194' title='bbox 877 3883 1038 3951; x_wconf 92' lang='lat' dir='ltr'>Dominus</span> <span class='ocrx_word' id='word_1_195' title='bbox 1048 3882 1120 3948; x_wconf 83' lang='lat' dir='ltr'>Rex</span> <span class='ocrx_word' id='word_1_196' title='bbox 1129 3881 1270 3949; x_wconf 90' lang='lat' dir='ltr'>Bossine</span> 
     </span>
     <span class='ocr_line' id='line_1_29' title="bbox 142 3989 1270 4078; baseline -0.007 -18"><span class='ocrx_word' id='word_1_197' title='bbox 142 4017 201 4078; x_wconf 89' lang='lat' dir='ltr'>per</span> <span class='ocrx_word' id='word_1_198' title='bbox 215 3993 480 4061; x_wconf 89' lang='lat' dir='ltr'>Illustrissimum</span> <span class='ocrx_word' id='word_1_199' title='bbox 495 3995 685 4062; x_wconf 89' lang='lat' dir='ltr'>Dominium</span> <span class='ocrx_word' id='word_1_200' title='bbox 711 3994 909 4062; x_wconf 90' lang='lat' dir='ltr'>antedictum</span> <span class='ocrx_word' id='word_1_201' title='bbox 936 3991 1041 4056; x_wconf 89' lang='lat' dir='ltr'>creari</span> <span class='ocrx_word' id='word_1_202' title='bbox 1056 3989 1189 4056; x_wconf 88' lang='lat' dir='ltr'>Nobilis</span> <span class='ocrx_word' id='word_1_203' title='bbox 1205 3989 1270 4059; x_wconf 87' lang='lat' dir='ltr'>Ve-</span> 
     </span>
     <span class='ocr_line' id='line_1_30' title="bbox 143 4094 1271 4185; baseline -0.008 -17"><span class='ocrx_word' id='word_1_204' title='bbox 143 4105 315 4185; x_wconf 86' lang='lat' dir='ltr'>netiarum,</span> <span class='ocrx_word' id='word_1_205' title='bbox 340 4103 430 4168; x_wconf 89' lang='lat' dir='ltr'>etde</span> <span class='ocrx_word' id='word_1_206' title='bbox 447 4126 580 4168; x_wconf 91' lang='lat' dir='ltr'>numero</span> <span class='ocrx_word' id='word_1_207' title='bbox 596 4103 751 4170; x_wconf 92' lang='lat' dir='ltr'>nobilium</span> <span class='ocrx_word' id='word_1_208' title='bbox 768 4123 900 4168; x_wconf 91' lang='lat' dir='ltr'>suorum</span> <span class='ocrx_word' id='word_1_209' title='bbox 917 4104 950 4164; x_wconf 89' lang='lat' dir='ltr'>et</span> <span class='ocrx_word' id='word_1_210' title='bbox 966 4100 1016 4164; x_wconf 91' lang='lat' dir='ltr'>sui</span> <span class='ocrx_word' id='word_1_211' title='bbox 1037 4097 1171 4181; x_wconf 88' lang='lat' dir='ltr'>majoris</span> <span class='ocrx_word' id='word_1_212' title='bbox 1188 4094 1271 4161; x_wconf 85' lang='lat' dir='ltr'>Oon·</span> 
     </span>
     <span class='ocr_line' id='line_1_31' title="bbox 145 4204 1271 4295; baseline -0.005 -21"><span class='ocrx_word' id='word_1_213' title='bbox 145 4210 220 4295; x_wconf 83' lang='lat' dir='ltr'>sssij,</span> <span class='ocrx_word' id='word_1_214' title='bbox 247 4216 284 4275; x_wconf 92' lang='lat' dir='ltr'>ut</span> <span class='ocrx_word' id='word_1_215' title='bbox 307 4210 510 4293; x_wconf 84' lang='lat' dir='ltr'>intelligatur</span> <span class='ocrx_word' id='word_1_216' title='bbox 526 4218 560 4278; x_wconf 91' lang='lat' dir='ltr'>et</span> <span class='ocrx_word' id='word_1_217' title='bbox 575 4217 791 4295; x_wconf 85' lang='lat' dir='ltr'>cognoscatur</span> <span class='ocrx_word' id='word_1_218' title='bbox 807 4209 927 4292; x_wconf 86' lang='lat' dir='ltr'>ubique</span> <span class='ocrx_word' id='word_1_219' title='bbox 943 4227 1035 4272; x_wconf 88' lang='lat' dir='ltr'>amor</span> <span class='ocrx_word' id='word_1_220' title='bbox 1050 4210 1084 4270; x_wconf 88' lang='lat' dir='ltr'>et</span> <span class='ocrx_word' id='word_1_221' title='bbox 1099 4204 1271 4269; x_wconf 86' lang='lat' dir='ltr'>sinceritas</span> 
     </span>
     <span class='ocr_line' id='line_1_32' title="bbox 146 4311 1272 4405; baseline -0.007 -23"><span class='ocrx_word' id='word_1_222' title='bbox 146 4315 211 4383; x_wconf 87' lang='lat' dir='ltr'>Sue</span> <span class='ocrx_word' id='word_1_223' title='bbox 228 4317 442 4384; x_wconf 80' lang='lat' dir='ltr'>Serenissime</span> <span class='ocrx_word' id='word_1_224' title='bbox 458 4319 646 4405; x_wconf 87' lang='lat' dir='ltr'>Majestatis</span> <span class='ocrx_word' id='word_1_225' title='bbox 662 4321 704 4385; x_wconf 87' lang='lat' dir='ltr'>ad</span> <span class='ocrx_word' id='word_1_226' title='bbox 722 4318 782 4385; x_wconf 88' lang='lat' dir='ltr'>boc</span> <span class='ocrx_word' id='word_1_227' title='bbox 797 4314 1060 4384; x_wconf 88' lang='lat' dir='ltr'>Illustrissimum</span> <span class='ocrx_word' id='word_1_228' title='bbox 1075 4311 1272 4392; x_wconf 87' lang='lat' dir='ltr'>Dominium,</span> 
     </span>
     <span class='ocr_line' id='line_1_33' title="bbox 146 4416 1272 4512; baseline -0.005 -22"><span class='ocrx_word' id='word_1_229' title='bbox 146 4426 234 4508; x_wconf 91' lang='lat' dir='ltr'>quod</span> <span class='ocrx_word' id='word_1_230' title='bbox 258 4426 334 4491; x_wconf 89' lang='lat' dir='ltr'>licet</span> <span class='ocrx_word' id='word_1_231' title='bbox 349 4425 422 4491; x_wconf 85' lang='lat' dir='ltr'>Rex</span> <span class='ocrx_word' id='word_1_232' title='bbox 447 4427 499 4510; x_wconf 91' lang='lat' dir='ltr'>sit,</span> <span class='ocrx_word' id='word_1_233' title='bbox 524 4428 644 4512; x_wconf 83' lang='lat' dir='ltr'>cupiat,</span> <span class='ocrx_word' id='word_1_234' title='bbox 670 4432 703 4491; x_wconf 90' lang='lat' dir='ltr'>et</span> <span class='ocrx_word' id='word_1_235' title='bbox 727 4426 807 4490; x_wconf 81' lang='lat' dir='ltr'>velit</span> <span class='ocrx_word' id='word_1_236' title='bbox 822 4446 891 4490; x_wconf 89' lang='lat' dir='ltr'>esse</span> <span class='ocrx_word' id='word_1_237' title='bbox 909 4425 949 4489; x_wconf 88' lang='lat' dir='ltr'>de</span> <span class='ocrx_word' id='word_1_238' title='bbox 966 4442 1100 4489; x_wconf 89' lang='lat' dir='ltr'>numero</span> <span class='ocrx_word' id='word_1_239' title='bbox 1115 4416 1272 4484; x_wconf 89' lang='lat' dir='ltr'>nobilium</span> 
     </span>
     <span class='ocr_line' id='line_1_34' title="bbox 148 4526 1273 4618; baseline -0.005 -20"><span class='ocrx_word' id='word_1_240' title='bbox 148 4553 288 4616; x_wconf 84' lang='lat' dir='ltr'>suorum,</span> <span class='ocrx_word' id='word_1_241' title='bbox 314 4538 347 4597; x_wconf 87' lang='lat' dir='ltr'>et</span> <span class='ocrx_word' id='word_1_242' title='bbox 370 4556 429 4616; x_wconf 90' lang='lat' dir='ltr'>per</span> <span class='ocrx_word' id='word_1_243' title='bbox 454 4555 653 4618; x_wconf 87' lang='lat' dir='ltr'>consequens</span> <span class='ocrx_word' id='word_1_244' title='bbox 679 4533 731 4598; x_wconf 92' lang='lat' dir='ltr'>bio</span> <span class='ocrx_word' id='word_1_245' title='bbox 747 4533 994 4598; x_wconf 85' lang='lat' dir='ltr'>Illustrissimus</span> <span class='ocrx_word' id='word_1_246' title='bbox 1011 4527 1153 4594; x_wconf 82' lang='lat' dir='ltr'>Senatus</span> <span class='ocrx_word' id='word_1_247' title='bbox 1168 4526 1273 4612; x_wconf 82' lang='lat' dir='ltr'>magis</span> 
     </span>
    </p>
   </div>
   <div class='ocr_carea' id='block_1_8' title="bbox 0 0 1655 5308">
    <p class='ocr_par' dir='ltr' id='par_1_9' title="bbox 0 0 1655 5308">
     <span class='ocr_line' id='line_1_35' title="bbox 0 0 1655 5308; baseline 0 0"><span class='ocrx_word' id='word_1_248' title='bbox 0 0 1655 5308; x_wconf 95' lang='lat' dir='ltr'> </span> 
     </span>
    </p>
   </div>
  </div>
 </body>
</html>
