3256 5304
331 397 395 456 20⁶.)
529 413 531 422 ·
693 404 924 450 orrnouiennr
943 390 1109 468 rutenus.

438 569 611 635 Studiosus
630 566 691 630 eris
708 564 890 648 intelligere
907 563 1108 630 conditiones
1133 566 1225 650 regni
1251 565 1339 629 illius
1365 571 1397 627 et
1422 565 1459 628 in

331 679 437 762 specie
452 677 610 754 volumus,
621 671 709 754 quod
726 693 784 736 nos
801 671 935 752 advises,
946 672 1088 754 qualiter
1105 693 1138 736 se
1149 672 1265 737 habuit
1282 673 1459 756 negocium

331 783 484 867 Dragulli
501 780 681 858 Vallachie,
697 778 804 843 dando
822 779 921 842 etiam
938 779 1032 844 nobis
1048 779 1296 846 -advisationem
1322 780 1363 845 de
1389 779 1458 859 illo,

332 892 437 974 quiin
462 888 702 972 presentiarum
728 886 892 969 reperitur
917 883 1069 953 Vaivoda
1094 887 1128 950 in
1154 887 1304 970 partibus
1329 887 1395 951 illis
1413 893 1458 952 -et

331 998 472 1082 qualiter
488 1017 521 1060 se
537 995 692 1077 intelligit
709 1000 766 1059 aut
787 1015 851 1058 uon
876 993 1032 1074 intelligit
1058 1015 1131 1058 cum
1156 994 1249 1077 Rege
1275 995 1458 1078 Hungarie.
1560 1041 1567 1044 -

332 1105 539 1189 Significabis
556 1123 685 1185 quoque
700 1101 791 1166 nobis
808 1102 1007 1183 provisiones
1023 1099 1137 1180 factas
1154 1109 1187 1166 et
1206 1124 1268 1185 que
1291 1103 1331 1168 de
1347 1111 1459 1168 cetero

332 1215 411 1278 fient
427 1215 461 1278 in
476 1213 592 1296 Regno
608 1211 672 1274 illo.
694 1210 739 1274 Et
756 1210 782 1272 si
798 1210 943 1288 sentires,
961 1208 1048 1290 quod
1063 1215 1230 1274 teneretur
1246 1212 1359 1294 aliqua
1385 1231 1460 1295 pra·

331 1322 428 1402 tieha,
437 1321 486 1384 vel
497 1324 657 1382 tractatus
667 1317 765 1399 pacis
773 1323 830 1380 aut
841 1313 1101 1380 sufferentiarum
1112 1317 1197 1381 inter
1203 1318 1328 1400 Regem
1340 1319 1461 1384 et'fur-

331 1453 417 1496 eum:
436 1428 556 1507 diriges
573 1425 708 1508 spiritus
727 1431 759 1490 et
776 1425 975 1506 cogitamine
992 1446 1118 1507 queque
1133 1431 1192 1491 tua
1201 1425 1244 1490 ad
1256 1427 1460 1492 obviandum

331 1543 364 1601 et
380 1535 578 1600 turbandum
595 1539 757 1598 tractatus
784 1531 969 1616 hujusmodi
995 1554 1052 1614 per
1079 1554 1188 1597 omnes
1216 1533 1291 1598 illos
1318 1534 1461 1617 prudeu-

331 1651 390 1721 tes‚
406 1643 508 1707 bonos
524 1650 557 1706 et
573 1640 833 1708 accommodatos
850 1640 972 1718 modos,
989 1641 1045 1724 qui
1062 1640 1258 1706 videbuntur
1273 1640 1343 1706 tibi.
1355 1642 1401 1706 Et
1417 1642 1459 1706 de

331 1751 479 1828 omnibus
510 1751 655 1814 curiosus
681 1749 744 1811 eris
770 1747 932 1812 continuis
957 1749 1078 1812 litteris
1110 1750 1175 1813 tuis
1207 1771 1267 1815 nos
1299 1753 1458 1816 certiores

331 1857 467 1923 efficere.

438 1964 636 2029 Mandemus
652 1967 785 2047 insuper
802 1965 871 2046 tibi,
896 1964 984 2047 quod
1000 1959 1176 2048 postquam
1201 1970 1344 2033 tenueris
1371 1968 1459 2052 apud
1584 1993 1594 2026 .’

331 2080 363 2138 te
388 2072 553 2156 prefatum
579 2071 713 2138 Petrum
743 2072 956 2138 Thomasium
983 2073 1204 2140 Secretarium
1230 2081 1381 2140 uestrum
1400 2097 1460 2158 per

330 2181 413 2246 illud
429 2188 566 2264 tempus,
582 2178 670 2264 quod
685 2180 745 2243 tibi
765 2180 927 2246 videbitur
953 2202 1011 2263 pro
1036 2180 1186 2247 habendo
1211 2183 1460 2248 informationes

330 2294 541 2371 opportunas,
557 2308 630 2352 eum
645 2286 816 2351 licentiare
832 2286 959 2368 debeas,
985 2295 1021 2353 ut
1046 2291 1230 2372 repatriare
1257 2295 1288 2354 et
1314 2292 1358 2356 ad
1384 2314 1460 2356 nos-

330 2403 418 2460 tram
432 2396 631 2478 presentiam
648 2415 682 2458 se
699 2393 846 2458 conferre
862 2397 975 2477 possit.

438 2503 490 2568 De
505 2509 598 2587 parte
638 2540 681 2549 -
728 2506 870 2567 -164,

436 2608 488 2672 De
505 2631 569 2673 non
638 2647 680 2655 -
729 2648 771 2655 --
841 2616 870 2674 0.

439 2713 514 2780 Non
532 2715 650 2780 sinceri
726 2753 770 2762 -
839 2724 868 2781 0.

439 2879 597 2938 (Veleuczei
610 2880 789 2952 ellamkdnyv
806 2885 862 2930 147.
877 2881 908 2941 l.)
1007 2946 1011 2952 ι

816 3096 974 3104 μ--φψ-

860 3331 932 3392 127.

333 3488 428 3551 1463.
456 3485 481 3548 A
509 3489 664 3551 ueterrczei
690 3490 910 3553 ditomtundcs
936 3495 1128 3558 hatdrozata
1156 3493 1314 3557 Kozarics
1343 3493 1459 3557 Istodn

428 3595 633 3659 ssent-redditi
647 3597 874 3680 fejedelernoek
891 3599 1027 3663 ndando‘
1043 3599 1153 3663 odiose
1171 3602 1362 3686 tdrqydbun.

329 3787 622 3857 nocconxrn.
640 3791 691 3855 ue
708 3789 847 3860 xxvi.
865 3751 1001 3874 Apris.

437 3898 534 3981 Quod
565 3898 793 3964 Illustrissimo
825 3897 967 3964 Domino
1008 3899 1095 3966 Duci
1131 3903 1296 3986 Stephano
1331 3903 1453 3970 Sancte

330 4007 412 4072 Save
437 4007 480 4072 ad
505 4008 574 4090 ejus
598 4008 725 4071 litteras
752 4007 853 4070 lectas
879 4008 954 4072 huic
971 4007 1127 4092 Consilio,
1153 4012 1391 4094 respondeatur
1415 4015 1450 4078 in

329 4116 392 4180 hac
407 4116 530 4181 forma:

436 4223 655 4304 Displicenter
671 4224 853 4288 audivimus
871 4225 1019 4307 profecto
1040 4249 1079 4291 ex
1107 4227 1228 4292 litteris
1253 4227 1456 4292 Excellentie

330 4328 449 4396 Vestre
469 4328 565 4395 VIII.
584 4336 617 4393 et
633 4330 716 4396 XX.
733 4332 854 4395 mensis
871 4331 987 4397 Martii
1004 4355 1105 4415 prope
1122 4336 1271 4416 preteriti
1288 4335 1385 4414 datis,
1399 4334 1457 4398 al-i-

329 4456 426 4515 quam
443 4438 621 4502 novitatem
637 4437 688 4502 vel
703 4439 943 4504 incommodum
971 4443 1071 4506 statui
1097 4441 1300 4506 Excellentie
1327 4439 1455 4516 Vestre,

329 4562 506 4628 occurrere,
538 4564 612 4607 nam
638 4544 780 4610 fraterne
806 4548 834 4612 ei
863 4546 981 4629 affecti,
1008 4549 1146 4614 maxime
1171 4533 1321 4634 optamus
1349 4555 1477 4614 status
