3268 5308
546 307 549 314 ’
629 322 721 389 ilos.
1178 333 1237 394 rev

7 507 14 514 '
112 505 245 568 rideret.
273 504 422 585 Curiique
438 505 546 569 littere
564 503 632 585 ipse
649 505 772 586 pejora,
790 505 1007 586 gravioraque
1024 507 1170 588 pericula
1186 511 1242 574 mi-

112 611 184 675 nari
201 611 389 676 videantur:
416 611 616 677 decrevimus
632 633 691 694 pro
715 614 937 695 magnitudine
964 620 996 676 et
1020 615 1163 696 pondere
1188 639 1243 680 no-

109 741 221 783 vorum
242 721 390 800 istorum,
416 720 596 802 exemplum
622 741 732 784 earum
758 721 942 786 litterarum
968 721 1019 785 his
1050 723 1243 805 implicitum

109 829 149 892 ad
166 833 199 891 te
217 829 355 910 mittere,
381 828 524 893 volentes
551 833 583 890 et
608 827 799 892 mandantes
825 830 893 909 tibi,
920 828 1007 911 quod
1033 828 1071 893 de
1089 829 1243 911 predictis

20 995 24 998 .
111 933 260 999 omnibus
279 937 409 1001 studeas
428 936 664 1018 quamprimum
685 937 838 1002 Pontifici
855 938 1001 1002 Maximo
1017 937 1148 1020 plenam
1165 939 1243 1004 dare

113 1044 278 1124 noticiam,
307 1050 343 1107 ut
369 1043 546 1108 Beatitudo
576 1043 651 1124 Sua,
678 1067 739 1125 que
755 1046 905 1127 princeps
933 1052 965 1109 et
991 1047 1245 1112 christianorum

111 1155 207 1232 pater
235 1159 296 1232 est,
322 1152 360 1217 de
387 1152 542 1233 omnibus,
576 1155 658 1217 sicut
685 1154 799 1218 decens
826 1160 882 1234 est,
910 1155 1026 1218 certior
1051 1154 1117 1233 fiat,
1153 1156 1244 1237 sique

113 1261 155 1322 ad
171 1261 389 1341 receptionem
406 1262 607 1343 presentium
623 1263 767 1344 prefatus
785 1260 980 1344 Magnificus
1007 1264 1128 1328 Orator
1154 1261 1244 1326 Sere·

112 1367 238 1430 nissimi
264 1367 364 1449 Regis
393 1369 574 1450 Hungarie,
596 1372 652 1450 qui
669 1371 815 1452 proxime
831 1369 880 1432 his
898 1370 1009 1433 diebus
1026 1392 1046 1433 a
1062 1371 1155 1434 nobis
1180 1368 1229 1432 dis

113 1475 219 1554 cessit,
256 1474 333 1538 illuc
359 1477 516 1558 attigerit,
542 1499 597 1542 seu
624 1500 694 1540 cum
720 1479 860 1559 primum
886 1477 998 1558 aderit,
1026 1475 1242 1543 comunicabis

112 1583 211 1645 etiam
238 1604 345 1648 secum
367 1606 451 1648 nova
475 1585 631 1667 predicta,
658 1608 695 1648 ac
721 1586 781 1649 sibi
800 1585 989 1668 declarabis,
1017 1591 1172 1667 quantum
1189 1581 1246 1646 ha·

80 1703 84 1708 '
112 1689 214 1754 buisti
230 1713 250 1753 a
268 1689 399 1755 Summo
416 1691 582 1772 Pontifice,
601 1693 655 1774 qui
672 1693 878 1758 contribuere
895 1699 1064 1758 contentus
1083 1699 1140 1772 est,
1161 1693 1246 1755 sicut

113 1799 288 1880 prefertur,
313 1821 372 1881 pro
388 1801 538 1881 portione
556 1823 613 1864 sua
629 1799 764 1863 ducatos
788 1801 825 1863 Π
851 1801 939 1864 mille
965 1801 998 1862 in
1023 1819 1143 1863 mense.
1171 1799 1248 1862 Est-

116 1927 178 1986 que
205 1907 324 1970 mentis
351 1913 470 1986 nostre,
497 1914 528 1970 et
555 1909 602 1970 ita
628 1930 699 1970 cum
725 1913 835 1971 nostro
870 1907 1013 1972 Consilio
1039 1907 1246 1990 Rogatorum

114 2011 310 2077 mandamus
326 2013 396 2094 tibi,
414 2013 500 2096 quod
518 2021 585 2078 tam
603 2015 698 2078 simul
714 2016 872 2098 cumipse
898 2015 1076 2098 Magnifice
1096 2013 1244 2093 Oratore,

116 2141 213 2200 quam
241 2123 338 2185 etiam
365 2130 513 2204 seperate
535 2122 698 2186 studiosus
719 2125 761 2187 sis
788 2123 879 2188 adire
906 2113 1105 2208 presentiam
1123 2120 1246 2186 Summi
1285 2187 1287 2190 .

116 2226 289 2292 Pontificis
307 2229 514 2309 solicitando,
525 2237 558 2294 et
574 2231 655 2293 nihil
672 2233 802 2294 omnino
820 2231 859 2296 de
876 2233 934 2313 his,
952 2251 1013 2314 que
1031 2229 1119 2313 apud
1136 2228 1248 2292 Beati·
1316 2255 1321 2270 ·

74 2372 78 2380 ·
115 2333 264 2398 tudinem
281 2333 380 2399 Suam
407 2337 476 2400 fieri
501 2338 637 2419 possint,
669 2339 946 2418 pretermittendo,
971 2346 1007 2400 ut
1032 2337 1128 2401 rebus
1154 2335 1248 2400 Hun-

118 2443 209 2521 garie
226 2448 259 2504 et
275 2449 507 2524 consequenter
527 2445 713 2508 christianis
730 2447 764 2509 in
780 2451 872 2508 tauto
897 2445 1039 2526 periculo
1056 2443 1249 2522 constitutis

119 2547 247 2614 favores
264 2551 481 2632 pecuniarum,
508 2569 604 2630 quam
630 2552 785 2616 citissime
811 2551 1029 2629 conferantur,
1060 2571 1250 2615 commemo-

7 2647 8 2700 3
33 2707 35 2711 .
121 2657 224 2720 raudo
242 2659 275 2720 in
292 2659 398 2740 specie
415 2657 619 2722 Beatitudini
638 2657 712 2740 Sue,
733 2658 819 2740 quod
830 2659 1015 2740 gratissime
1025 2656 1251 2735 intelleximus,

125 2769 282 2843 quantum
299 2762 365 2828 Sua
383 2763 550 2829 Sanctitas
575 2766 637 2829 tibi
664 2765 752 2845 dixit,
769 2767 863 2828 circa
888 2765 1163 2829 contributionem
1192 2785 1251 2846 pro

123 2872 274 2952 portione
299 2893 358 2936 sua
386 2873 513 2938 ducatis
528 2874 567 2936 H
583 2873 725 2938 millibus
742 2874 867 2956 singulo
883 2895 1002 2952 meuse,
1028 2871 1178 2954 quodque
1194 2891 1252 2933 nos

124 2978 261 3059 polliciti
277 3001 386 3044 sumus
404 2980 538 3045 ducatos
564 2981 623 3044 Ill
649 2979 751 3043 millia
776 2982 808 3044 in
835 3001 951 3061 mense,
978 2999 1059 3062 quos
1084 2983 1252 3060 promptos

123 3077 289 3168 habemus,
321 3086 549 3170 offerimusque
583 3088 616 3152 in
652 3093 721 3151 tam
746 3093 857 3152 sancto
883 3093 915 3150 et
939 3087 1122 3152 necessario
1146 3104 1255 3168 opere,

124 3193 179 3258 sed
195 3214 269 3256 cum
286 3195 426 3276 provisio
442 3196 578 3259 istarum
605 3195 813 3277 pecuniarum
838 3195 945 3260 fienda
971 3195 1057 3276 Regi
1082 3193 1253 3274 Hungarie

124 3300 265 3365 multum
284 3303 318 3394 in
335 3303 504 3367 celeritate
520 3303 686 3386 con-sistat,
707 3303 800 3367 ardet
816 3324 940 3385 nempe,
965 3308 1002 3366 ut
1026 3302 1162 3381 videtur,
1188 3298 1254 3363 illis

127 3413 160 3475 in
202 3410 351 3494 partibus
385 3410 678 3492 periculosissimus
712 3413 813 3494 ignis,
855 3410 1120 3490 conditionesque
1161 3407 1254 3489 regni

128 3518 218 3582 illius
244 3517 327 3582 tales
360 3523 443 3600 sunt,
470 3518 583 3599 quales
609 3540 674 3582 non
701 3517 885 3582 dubitamus
914 3515 1129 3581 Sanctitatem
1155 3513 1255 3579 Suam
1343 3573 1346 3579 .

131 3628 251 3710 optime
268 3627 459 3708 intelligere,
482 3627 636 3690 sciremus
653 3633 837 3691 reverenter
853 3625 989 3706 hortari,
1006 3630 1038 3688 et
1053 3623 1145 3688 filiali
1162 3623 1256 3687 devo·

130 3736 217 3800 tione
234 3734 439 3799 Beatitudini
457 3732 530 3815 Sue,
558 3733 762 3816 persvadere,
788 3740 825 3806 ut
845 3754 904 3814 pro
922 3731 1059 3813 aliquali
1075 3729 1256 3811 refrigerio,

133 3850 162 3908 et
179 3841 323 3908 remedio
341 3863 448 3906 rerum
464 3841 603 3922 illarum,
622 3841 688 3907 Sua
705 3841 870 3906 Sanctitas
896 3841 1039 3902 mitteret
1057 3839 1096 3902 de
1112 3839 1257 3920 presenti

133 3953 315 4033 portionem
333 3971 424 4014 suam
440 3951 539 4014 trium
565 3949 617 4014 vel
643 3956 782 4030 quatuor
808 3948 966 4013 mensium
987 3947 1072 4028 Regi
1101 3945 1256 4028 predicto,

138 4058 298 4139 quomodo
327 4063 359 4121 et
384 4079 443 4121 nos
470 4058 512 4122 ad
528 4057 634 4140 ipsum
650 4080 710 4141 pro
727 4057 839 4121 oblata
854 4058 1006 4138 portione
1023 4061 1135 4118 nostra
1150 4053 1257 4118 facere

135 4169 278 4231 contenti
289 4187 406 4230 sumus
415 4163 716 4232 Commemoramus
729 4187 867 4249 quoque,
878 4173 914 4230 ut
926 4187 998 4230 cum
1009 4164 1174 4230 Sanctitas
1183 4160 1259 4243 Sua,

134 4274 199 4357 jam
216 4275 291 4358 alijs
306 4273 532 4356 potentatibus
550 4275 648 4340 ltalie
674 4275 856 4357 exemplum
883 4274 1055 4339 tradiderit
1083 4275 1116 4336 in
1141 4271 1260 4335 contri·

137 4383 265 4449 tutione
301 4383 468 4466 ejusmodi,
492 4382 716 4465 frequentibus
742 4382 862 4447 litteris
889 4388 921 4445 et
946 4383 1071 4466 nuncijs
1097 4379 1259 4444 solicitare

138 4515 198 4559 non
232 4494 359 4560 desinat
384 4498 548 4580 potentias
579 4497 668 4580 ipsas
695 4495 738 4558 ad
773 4492 1045 4558 contribuendam
1077 4490 1259 4576 portionem
