3256 5304
627 333 721 393 1463.
1177 327 1240 388 217
1309 340 1314 344 ”

108 510 158 573 101
184 510 289 592 possit
314 507 364 574 vel
389 509 469 571 velit
495 529 676 588 occurrere,
702 529 837 591 regnum
852 507 990 570 Bossine
1017 512 1065 570 est
1081 527 1242 587 agressus,

108 617 191 682 fines
218 617 287 702 ejus
313 617 435 700 passim
460 616 646 699 populatur,
673 617 832 699 incendio,
858 615 954 696 ferro,
980 613 1111 678 cedibus
1129 619 1243 678 cuncta

112 725 281 806 devastat3
298 723 423 788 incolas
440 723 556 787 misere
573 709 712 805 divexat,
729 719 829 806 atque
845 723 877 786 in
895 722 1110 804 direptionem
1128 725 1160 784 et
1171 743 1242 804 pre-

6 885 10 892 .
110 833 188 896 dam
216 833 282 897 suis
299 830 487 896 satelitibus
503 831 569 911 dat,
594 831 725 912 potiora
741 831 844 912 regni,
871 834 968 912 atque
985 829 1161 893 munitiora
1177 816 1260 894 cas·¹

112 941 195 1013 tella
212 947 244 1004 et
260 939 389 1024 oppida,
406 940 528 1022 partim
544 940 574 1004 11
591 945 624 1003 01
640 940 747 1020 armis,
763 939 886 1022 partim
897 936 1062 1002 deditione
1070 938 1138 1021 jam
1148 939 1244 1020 cepit,

110 1050 238 1131 Regem
263 1050 378 1131 ipsum,
404 1048 491 1131 quod
517 1047 585 1111 sine
602 1046 714 1112 dolore
740 1053 772 1111 et
796 1047 939 1112 lacrimis
965 1069 1005 1111 ne
1021 1045 1160 1128 cogitari
1176 1046 1244 1128 qui·

111 1157 187 1221 dem
205 1157 313 1220 animo
332 1155 437 1236 debet,
454 1155 528 1219 fede
545 1178 585 1219 ac
601 1156 716 1220 misere
733 1161 865 1238 captum
882 1153 990 1219 habet.
1015 1153 1180 1237 Quicquid
1196 1175 1246 1216 su-

111 1285 243 1348 peresse
261 1263 389 1328 videtur
405 1263 493 1328 illius
510 1265 612 1346 regni,
638 1264 725 1348 quod
741 1285 856 1347 parum
873 1267 931 1342 est,
947 1263 1013 1328 tale
1030 1261 1245 1343 0111111011-

84 1416 88 1423 -
110 1372 186 1438 lime
212 1373 363 1456 occupari
388 1373 502 1455 possit,
529 1375 635 1456 ruptis
648 1374 718 1457 jam
735 1373 954 1456 reseratisque
971 1372 1133 1451 claustris,
1151 1371 1244 1435 dissi·

111 1482 198 1563 patis
227 1481 320 1563 regni
337 1478 532 1561 custodibus,
559 1481 725 1562 occupatis
741 1478 971 1545 minutioribus
987 1478 1125 1561 oppidis,
1150 1482 1245 1561 capto

6 1565 8 1576 ,
46 1668 51 1678 ι
115 1587 256 1672 denique
272 1587 373 1668 Rege,
395 1587 464 1670 jam
492 1586 601 1654 aditus
626 1588 768 1670 undique
794 1588 837 1652 ad
863 1585 1092 1652 insinuandum
1113 1606 1196 1650 sese
1213 1587 1245 1650 in

115 1694 303 1761 Christiane
329 1695 460 1761 ditionis
486 1695 658 1778 precordia
682 1697 770 1761 hosti
795 1696 970 1761 accerrimo
987 1694 1145 1778 patefacti
1162 1701 1246 1773 sunt,

113 1824 171 1868 nec
188 1809 248 1884 est,
279 1803 366 1886 quod
383 1803 598 1886 cupiditatem
616 1805 684 1887 ejus
701 1805 805 1883 sistat,
821 1805 884 1868 nisi
900 1805 999 1868 armis
1016 1803 1094 1867 etri
1111 1792 1245 1888 perpro-

6 1957 8 1970 .
63 1937 65 1943 ·
114 1933 192 1996 pere
218 1911 347 1976 obviam
373 1916 474 1975 eatur.
513 1909 592 1975 Jam
618 1911 745 1976 hostilis
771 1913 931 1976 exercitus
959 1912 1120 1994 superatis
1152 1914 1247 1994 regni

115 2021 255 2086 Bossine
281 2019 399 2084 finibus
425 2017 468 2084 ad
493 2019 608 2084 littora
627 2041 729 2103 usque
746 2017 861 2102 Segne,
893 2020 979 2084 idest
994 2018 1036 2084 ad
1054 2019 1197 2084 hostium
1215 2026 1247 2084 01

115 2129 201 2192 10101
219 2127 319 2191 111110
338 2127 465 2190 11101111
482 2127 579 2192 armis
596 2125 830 2209 gloriabundus
846 2126 1029 2210 irrumpere
1046 2149 1112 2190 non
1128 2133 1179 2191 est
1195 2149 1245 2190 10-

115 2239 207 2301 11111.
225 2233 258 2298 N
261 2257 297 2298 ec
313 2256 373 2318 pro
391 2234 614 2316 magnitudine
631 2233 732 2298 cladis
750 2233 792 2298 ad
808 2256 904 2298 aures
915 2234 1246 2316 usqueBeatitudinis

115 2345 234 2411 Vestre
251 2343 450 2408 increbuisse
466 2364 530 2406 non
546 2341 742 2408 dubitamus.
758 2341 839 2425 Nos,
855 2363 918 2426 que
933 2341 994 2406 hec
1004 2343 1164 2408 cernimus
1175 2364 1247 2424 pro-

115 2453 187 2534 pius
203 2455 237 2514 et
253 2472 391 2534 quorum
407 2456 484 2514 ante
502 2451 611 2516 oculos
626 2472 710 2533 pene
726 2451 847 2519 versari
864 2456 981 2515 cuncta
1000 2450 1158 2530 videntur,
1186 2473 1246 2534 pro

115 2559 203 2624 virili
227 2564 323 2642 parte
349 2559 447 2624 saluti
468 2580 576 2623 rerum
593 2559 838 2643 prospicientes,
863 2558 1082 2642 periculosum
1099 2559 1185 2625 hunc
1200 2579 1249 2622 re·

115 2689 186 2731 rum
214 2671 339 2732 statum
364 2666 615 2750 significandum
633 2666 793 2750 imprimis
808 2666 1012 2731 Beatitudini
1030 2667 1149 2733 Vestre
1165 2667 1250 2733 dele-

116 2775 232 2858 gimus,
257 2776 346 2858 patri
362 2797 487 2839 summo
504 2780 536 2840 et
551 2776 693 2858 principi
709 2776 862 2858 omnium,
887 2774 1061 2838 salvatoris
1079 2782 1111 2839 01
1128 2775 1250 2840 domini

117 2883 223 2947 nostri
233 2883 258 2949 J
260 2904 317 2946 esu
329 2882 451 2949 Christi
462 2884 633 2968 benedicti,
650 2885 743 2968 cujus
754 2884 793 2949 de
805 2883 926 2949 honore
938 2889 970 2947 et
987 2884 1113 2948 nomine
1131 2885 1249 2966 agitur,

118 2990 306 3057 indubitato
322 2993 355 3056 in
373 2995 471 3058 terris
491 2993 634 3074 Vicario,
652 2999 750 3076 atque
766 2993 924 3074 Ecclesia,
941 3013 978 3056 ac
995 2989 1174 3057 Christiani
1195 3015 1250 3058 nc-

120 3099 215 3163 minis
241 3100 491 3183 vigilantissimo
520 3100 692 3168 defensori.
717 3100 881 3166 Dubitare
897 3122 960 3166 non
978 3120 1156 3184 1101111111,
1173 3102 1252 3184 quin

118 3207 421 3290 magnitudooladis
429 3215 461 3274 01
469 3207 602 3276 finitimi
614 3231 652 3274 ac
662 3232 764 3293 prope
774 3210 923 3292 urgentis
934 3209 1096 3274 acerbitas
1106 3207 1251 3292 periculi,

118 3337 172 3379 001
190 3315 373 3398 piissimum
393 3316 586 3384 sanctitatis
599 3317 717 3386 Vestre
735 3318 804 3384 1010
822 3318 936 3384 domus
957 3314 1021 3382 Dei
1041 3322 1251 3398 commoveat,

118 3429 216 3506 atque
244 3423 407 3504 incendat,
433 3423 524 3490 etad
542 3445 581 3489 ea
597 3432 751 3508 provocet
768 3431 867 3508 atque
883 3425 1008 3505 invitet,
1033 3447 1096 3508 que
1110 3426 1178 3509 jam
1196 3423 1253 3489 diu

119 3538 317 3615 conceperat
332 3535 450 3614 animo,
467 3540 500 3598 01
516 3540 653 3598 1011111
669 3535 836 3617 sapienter
852 3534 1049 3618 providerat.
1073 3537 1099 3602 J
1101 3558 1153 3600 am
1168 3533 1252 3599 Bea-

121 3640 246 3703 tissime
263 3639 374 3722 Pater,
391 3641 617 3724 apparatibus,
634 3641 766 3725 viribus,
782 3641 986 3726 expeditione
1003 3643 1100 3707 celeri
1117 3642 1253 3708 0111010

118 3747 269 3830 indigent
284 3769 355 3830 res,
378 3770 443 3814 101
460 3755 509 3814 011
525 3749 608 3828 ovile
624 3751 699 3831 Dei,
721 3773 785 3816 non
802 3773 882 3834 grex
898 3757 1005 3816 vestre
1022 3752 1159 3816 rectioni
1176 3751 1253 3815 divi-

119 3856 207 3920 nitus
234 3857 379 3922 creditus
405 3857 557 3924 intanto
585 3857 771 3924 discrimine
797 3858 1006 3943 deserendus,
1030 3881 1094 3924 non
1116 3861 1203 3943 lupis
1221 3865 1254 3924 et

118 3963 405 4032 truculentissimis
431 3967 543 4032 bestiis
565 3968 600 4030 in
616 3989 721 4032 escam
738 3969 926 4048 tradendus,
952 3968 1129 4049 quinimmo
1146 3966 1253 4031 defen-

120 4068 244 4136 dendus
263 4074 411 4139 omnibus
429 4075 560 4158 11111111,
572 4073 692 4142 Vestro
709 4098 793 4139 nunc
803 4074 991 4141 admirande
1003 4075 1170 4158 sapientie,
1186 4096 1253 4139 ves·

120 4189 169 4247 tre
195 4181 336 4266 insignis
360 4183 500 4248 interest
525 4183 667 4266 pietatis,
704 4190 813 4248 101111
839 4184 1017 4265 requiritur
1047 4183 1253 4266 potissimum

122 4312 227 4375 opera,
244 4312 308 4372 quo
326 4289 374 4352 rei
386 4288 572 4354 Christiane
589 4291 744 4356 adversus
756 4290 903 4356 crudeles
913 4289 1081 4372 barbaros
1097 4290 1253 4356 adversus

124 4395 237 4462 furiam
256 4397 483 4460 insanientium
499 4397 643 4461 hostium
661 4398 875 4464 saluberrime
894 4397 1090 4462 consulatur.
1109 4397 1179 4462 Nos
1195 4419 1254 4482 pro

126 4503 208 4594 virili
238 4507 335 4588 parte
362 4503 569 4570 Beatitudini
595 4503 713 4573 Vestre
741 4525 917 4592 numquam
943 4504 1113 4588 deerimus,
1146 4511 1253 4575 vestra
