<?xml version="1.0" encoding="UTF-8"?>
<!DOCTYPE html PUBLIC "-//W3C//DTD XHTML 1.0 Transitional//EN"
    "http://www.w3.org/TR/xhtml1/DTD/xhtml1-transitional.dtd">
<html xmlns="http://www.w3.org/1999/xhtml" xml:lang="en" lang="en">
 <head>
  <title>
</title>
<meta http-equiv="Content-Type" content="text/html;charset=utf-8" />
  <meta name='ocr-system' content='tesseract 3.04.00' />
  <meta name='ocr-capabilities' content='ocr_page ocr_carea ocr_par ocr_line ocrx_word'/>
</head>
<body>
  <div class='ocr_page' id='page_1' title='image "./magyardiplomacz01mattgoog_0279.png"; bbox 0 0 3256 5304; ppageno 0'>
   <div class='ocr_carea' id='block_1_1' title="bbox 664 373 1276 436">
    <p class='ocr_par' dir='ltr' id='par_1_1' title="bbox 664 373 1276 436">
     <span class='ocr_line' id='line_1_1' title="bbox 664 373 1276 436; baseline 0.003 -4"><span class='ocrx_word' id='word_1_1' title='bbox 664 373 757 436; x_wconf 77' lang='lat'>1463.</span> <span class='ocrx_word' id='word_1_2' title='bbox 1213 373 1276 436; x_wconf 87' lang='grc'>249</span> 
     </span>
    </p>
   </div>
   <div class='ocr_carea' id='block_1_2' title="bbox 133 546 1285 4180">
    <p class='ocr_par' dir='ltr' id='par_1_2' title="bbox 133 546 1283 2257">
     <span class='ocr_line' id='line_1_2' title="bbox 149 546 1275 632; baseline 0.003 -21"><span class='ocrx_word' id='word_1_3' title='bbox 149 547 272 628; x_wconf 83' lang='lat' dir='ltr'>quietis</span> <span class='ocrx_word' id='word_1_4' title='bbox 289 546 492 613; x_wconf 81' lang='lat' dir='ltr'>differentias</span> <span class='ocrx_word' id='word_1_5' title='bbox 509 549 583 612; x_wconf 84' lang='lat' dir='ltr'>illas</span> <span class='ocrx_word' id='word_1_6' title='bbox 600 548 724 630; x_wconf 86' lang='lat' dir='ltr'>tollere,</span> <span class='ocrx_word' id='word_1_7' title='bbox 742 551 799 614; x_wconf 88' lang='lat' dir='ltr'>sed</span> <span class='ocrx_word' id='word_1_8' title='bbox 817 556 940 632; x_wconf 88' lang='lat' dir='ltr'>quanto</span> <span class='ocrx_word' id='word_1_9' title='bbox 958 549 1124 613; x_wconf 79' lang='lat' dir='ltr'>honestius</span> <span class='ocrx_word' id='word_1_10' title='bbox 1141 571 1212 614; x_wconf 89' lang='lat' dir='ltr'>cum</span> <span class='ocrx_word' id='word_1_11' title='bbox 1229 553 1275 615; x_wconf 87' lang='lat' dir='ltr'>eis</span> 
     </span>
     <span class='ocr_line' id='line_1_3' title="bbox 148 655 1278 740; baseline 0.003 -21"><span class='ocrx_word' id='word_1_12' title='bbox 148 675 250 736; x_wconf 85' lang='lat' dir='ltr'>agere</span> <span class='ocrx_word' id='word_1_13' title='bbox 267 655 459 738; x_wconf 85' lang='lat' dir='ltr'>studuimus,</span> <span class='ocrx_word' id='word_1_14' title='bbox 475 664 568 722; x_wconf 90' lang='lat' dir='ltr'>tanto</span> <span class='ocrx_word' id='word_1_15' title='bbox 587 679 714 740; x_wconf 79' lang='lat' dir='ltr'><strong>semper</strong></span> <span class='ocrx_word' id='word_1_16' title='bbox 731 659 923 724; x_wconf 88' lang='lat' dir='ltr'>insolentius</span> <span class='ocrx_word' id='word_1_17' title='bbox 941 680 975 722; x_wconf 89' lang='lat' dir='ltr'>se</span> <span class='ocrx_word' id='word_1_18' title='bbox 987 664 1165 740; x_wconf 85' lang='lat' dir='ltr'>gesseruut.</span> <span class='ocrx_word' id='word_1_19' title='bbox 1183 658 1278 723; x_wconf 79' lang='lat' dir='ltr'>Cum-</span> 
     </span>
     <span class='ocr_line' id='line_1_4' title="bbox 154 761 1280 850; baseline 0.006 -26"><span class='ocrx_word' id='word_1_20' title='bbox 154 782 217 843; x_wconf 85' lang='lat' dir='ltr'>que</span> <span class='ocrx_word' id='word_1_21' title='bbox 235 761 420 846; x_wconf 78' lang='lat' dir='ltr'>Tergestini</span> <span class='ocrx_word' id='word_1_22' title='bbox 446 765 508 848; x_wconf 92' lang='lat' dir='ltr'>ipsi</span> <span class='ocrx_word' id='word_1_23' title='bbox 525 786 616 829; x_wconf 91' lang='lat' dir='ltr'>arma</span> <span class='ocrx_word' id='word_1_24' title='bbox 633 772 747 830; x_wconf 88' lang='lat' dir='ltr'>contra</span> <span class='ocrx_word' id='word_1_25' title='bbox 764 772 892 832; x_wconf 88' lang='lat' dir='ltr'>nostros</span> <span class='ocrx_word' id='word_1_26' title='bbox 908 766 1109 850; x_wconf 82' lang='lat' dir='ltr'>iniquissime</span> <span class='ocrx_word' id='word_1_27' title='bbox 1126 768 1280 850; x_wconf 88' lang='lat' dir='ltr'>suscepis-</span> 
     </span>
     <span class='ocr_line' id='line_1_5' title="bbox 133 873 1280 958; baseline 0.003 -22"><span class='ocrx_word' id='word_1_28' title='bbox 133 877 230 954; x_wconf 84' lang='lat' dir='ltr'>sent,</span> <span class='ocrx_word' id='word_1_29' title='bbox 247 873 529 958; x_wconf 86' lang='lat' dir='ltr'>trucidassentque</span> <span class='ocrx_word' id='word_1_30' title='bbox 545 873 716 938; x_wconf 88' lang='lat' dir='ltr'>nonnullos</span> <span class='ocrx_word' id='word_1_31' title='bbox 732 894 771 938; x_wconf 88' lang='lat' dir='ltr'>ex</span> <span class='ocrx_word' id='word_1_32' title='bbox 788 875 918 956; x_wconf 88' lang='lat' dir='ltr'>nostris,</span> <span class='ocrx_word' id='word_1_33' title='bbox 930 875 1001 958; x_wconf 88' lang='lat' dir='ltr'>jam</span> <span class='ocrx_word' id='word_1_34' title='bbox 1016 873 1150 939; x_wconf 88' lang='lat' dir='ltr'>tandem</span> <span class='ocrx_word' id='word_1_35' title='bbox 1161 875 1280 940; x_wconf 80' lang='lat' dir='ltr'>lasces-</span> 
     </span>
     <span class='ocr_line' id='line_1_6' title="bbox 150 980 1281 1065; baseline 0.004 -23"><span class='ocrx_word' id='word_1_36' title='bbox 150 980 216 1060; x_wconf 89' lang='lat' dir='ltr'>siti,</span> <span class='ocrx_word' id='word_1_37' title='bbox 232 987 272 1045; x_wconf 93' lang='lat' dir='ltr'>ut</span> <span class='ocrx_word' id='word_1_38' title='bbox 287 981 436 1061; x_wconf 87' lang='lat' dir='ltr'>diximus,</span> <span class='ocrx_word' id='word_1_39' title='bbox 453 983 516 1047; x_wconf 89' lang='lat' dir='ltr'>rim</span> <span class='ocrx_word' id='word_1_40' title='bbox 535 981 564 1046; x_wconf 89' lang='lat' dir='ltr'>vi</span> <span class='ocrx_word' id='word_1_41' title='bbox 580 982 673 1046; x_wconf 87' lang='lat' dir='ltr'>nobis</span> <span class='ocrx_word' id='word_1_42' title='bbox 689 983 869 1065; x_wconf 88' lang='lat' dir='ltr'>reppellere</span> <span class='ocrx_word' id='word_1_43' title='bbox 885 982 985 1047; x_wconf 89' lang='lat' dir='ltr'>licuit.</span> <span class='ocrx_word' id='word_1_44' title='bbox 1001 981 1117 1065; x_wconf 83' lang='lat' dir='ltr'>Neque</span> <span class='ocrx_word' id='word_1_45' title='bbox 1129 981 1171 1046; x_wconf 94' lang='lat' dir='ltr'>ob</span> <span class='ocrx_word' id='word_1_46' title='bbox 1181 982 1281 1065; x_wconf 90' lang='lat' dir='ltr'>idpu-</span> 
     </span>
     <span class='ocr_line' id='line_1_7' title="bbox 148 1086 1279 1173; baseline 0.001 -21"><span class='ocrx_word' id='word_1_47' title='bbox 148 1093 257 1153; x_wconf 89' lang='lat' dir='ltr'>tamus</span> <span class='ocrx_word' id='word_1_48' title='bbox 284 1086 535 1154; x_wconf 82' lang='lat' dir='ltr'>Serenissimnm</span> <span class='ocrx_word' id='word_1_49' title='bbox 561 1089 796 1173; x_wconf 83' lang='lat' dir='ltr'><strong>Imperatorem</strong></span> <span class='ocrx_word' id='word_1_50' title='bbox 820 1089 943 1172; x_wconf 90' lang='lat' dir='ltr'>justam</span> <span class='ocrx_word' id='word_1_51' title='bbox 975 1089 1118 1172; x_wconf 90' lang='lat' dir='ltr'>querelle</span> <span class='ocrx_word' id='word_1_52' title='bbox 1149 1111 1279 1154; x_wconf 87' lang='lat' dir='ltr'>causam</span> 
     </span>
     <span class='ocr_line' id='line_1_8' title="bbox 150 1193 1280 1280; baseline 0.004 -22"><span class='ocrx_word' id='word_1_53' title='bbox 150 1194 273 1260; x_wconf 88' lang='lat' dir='ltr'>habere</span> <span class='ocrx_word' id='word_1_54' title='bbox 290 1217 392 1279; x_wconf 88' lang='lat' dir='ltr'>posse.</span> <span class='ocrx_word' id='word_1_55' title='bbox 409 1194 683 1280; x_wconf 77' lang='lat' dir='ltr'>Quandoquidem</span> <span class='ocrx_word' id='word_1_56' title='bbox 701 1197 921 1262; x_wconf 83' lang='lat' dir='ltr'>existimamus</span> <span class='ocrx_word' id='word_1_57' title='bbox 932 1193 1166 1262; x_wconf 78' lang='lat' dir='ltr'>Celsitudinem</span> <span class='ocrx_word' id='word_1_58' title='bbox 1179 1195 1280 1263; x_wconf 85' lang='lat' dir='ltr'>Suam</span> 
     </span>
     <span class='ocr_line' id='line_1_9' title="bbox 151 1303 1279 1389; baseline 0.004 -23"><span class='ocrx_word' id='word_1_59' title='bbox 151 1303 185 1366; x_wconf 90' lang='lat' dir='ltr'>in</span> <span class='ocrx_word' id='word_1_60' title='bbox 213 1324 339 1368; x_wconf 90' lang='lat' dir='ltr'>omnem</span> <span class='ocrx_word' id='word_1_61' title='bbox 365 1325 475 1370; x_wconf 91' lang='lat' dir='ltr'>casum</span> <span class='ocrx_word' id='word_1_62' title='bbox 500 1304 701 1370; x_wconf 81' lang='lat' dir='ltr'>affectionem</span> <span class='ocrx_word' id='word_1_63' title='bbox 726 1312 871 1370; x_wconf 86' lang='lat' dir='ltr'>nostram</span> <span class='ocrx_word' id='word_1_64' title='bbox 895 1307 993 1388; x_wconf 85' lang='lat' dir='ltr'>longe</span> <span class='ocrx_word' id='word_1_65' title='bbox 1010 1306 1157 1389; x_wconf 84' lang='lat' dir='ltr'>amplius,</span> <span class='ocrx_word' id='word_1_66' title='bbox 1182 1327 1279 1388; x_wconf 88' lang='lat' dir='ltr'>quam</span> 
     </span>
     <span class='ocr_line' id='line_1_10' title="bbox 150 1411 1282 1497; baseline 0.003 -22"><span class='ocrx_word' id='word_1_67' title='bbox 150 1411 319 1477; x_wconf 87' lang='lat' dir='ltr'>levitatem</span> <span class='ocrx_word' id='word_1_68' title='bbox 336 1419 368 1478; x_wconf 91' lang='lat' dir='ltr'>et</span> <span class='ocrx_word' id='word_1_69' title='bbox 384 1415 635 1481; x_wconf 84' lang='lat' dir='ltr'>inconstantiam</span> <span class='ocrx_word' id='word_1_70' title='bbox 646 1413 911 1497; x_wconf 57' lang='lat' dir='ltr'>Termestinorum</span> <span class='ocrx_word' id='word_1_71' title='bbox 927 1413 1144 1496; x_wconf 80' lang='lat' dir='ltr'>magnifacere</span> <span class='ocrx_word' id='word_1_72' title='bbox 1155 1411 1282 1496; x_wconf 86' lang='lat' dir='ltr'>debere,</span> 
     </span>
     <span class='ocr_line' id='line_1_11' title="bbox 149 1521 1280 1608; baseline 0.004 -24"><span class='ocrx_word' id='word_1_73' title='bbox 149 1521 206 1602; x_wconf 92' lang='lat' dir='ltr'>qui</span> <span class='ocrx_word' id='word_1_74' title='bbox 223 1521 329 1586; x_wconf 91' lang='lat' dir='ltr'>nullos</span> <span class='ocrx_word' id='word_1_75' title='bbox 347 1544 486 1606; x_wconf 91' lang='lat' dir='ltr'>unquam</span> <span class='ocrx_word' id='word_1_76' title='bbox 503 1529 658 1590; x_wconf 87' lang='lat' dir='ltr'>curarunt</span> <span class='ocrx_word' id='word_1_77' title='bbox 675 1529 706 1588; x_wconf 90' lang='lat' dir='ltr'>et</span> <span class='ocrx_word' id='word_1_78' title='bbox 723 1529 838 1587; x_wconf 88' lang='lat' dir='ltr'>cuncta</span> <span class='ocrx_word' id='word_1_79' title='bbox 855 1543 980 1606; x_wconf 88' lang='lat' dir='ltr'>semper</span> <span class='ocrx_word' id='word_1_80' title='bbox 994 1543 1052 1605; x_wconf 87' lang='lat' dir='ltr'>pro</span> <span class='ocrx_word' id='word_1_81' title='bbox 1064 1541 1122 1586; x_wconf 89' lang='lat' dir='ltr'>sua</span> <span class='ocrx_word' id='word_1_82' title='bbox 1133 1523 1280 1608; x_wconf 89' lang='lat' dir='ltr'>nequitia</span> 
     </span>
     <span class='ocr_line' id='line_1_12' title="bbox 149 1627 1283 1714; baseline 0.004 -23"><span class='ocrx_word' id='word_1_83' title='bbox 149 1635 183 1692; x_wconf 89' lang='lat' dir='ltr'>et</span> <span class='ocrx_word' id='word_1_84' title='bbox 211 1627 345 1694; x_wconf 83' lang='lat' dir='ltr'>libidine</span> <span class='ocrx_word' id='word_1_85' title='bbox 366 1629 473 1695; x_wconf 85' lang='lat' dir='ltr'>facere</span> <span class='ocrx_word' id='word_1_86' title='bbox 490 1632 598 1696; x_wconf 86' lang='lat' dir='ltr'>eonati</span> <span class='ocrx_word' id='word_1_87' title='bbox 615 1637 698 1696; x_wconf 88' lang='lat' dir='ltr'>sunt.</span> <span class='ocrx_word' id='word_1_88' title='bbox 725 1629 875 1714; x_wconf 83' lang='lat' dir='ltr'>Atquum</span> <span class='ocrx_word' id='word_1_89' title='bbox 892 1629 1057 1696; x_wconf 84' lang='lat' dir='ltr'>Serenitas</span> <span class='ocrx_word' id='word_1_90' title='bbox 1075 1629 1193 1697; x_wconf 84' lang='lat' dir='ltr'>Vestra</span> <span class='ocrx_word' id='word_1_91' title='bbox 1209 1651 1283 1695; x_wconf 86' lang='lat' dir='ltr'>con·</span> 
     </span>
     <span class='ocr_line' id='line_1_13' title="bbox 149 1735 1280 1822; baseline 0.004 -22"><span class='ocrx_word' id='word_1_92' title='bbox 149 1735 299 1802; x_wconf 88' lang='lat' dir='ltr'>cordiam</span> <span class='ocrx_word' id='word_1_93' title='bbox 315 1757 387 1802; x_wconf 90' lang='lat' dir='ltr'>oum</span> <span class='ocrx_word' id='word_1_94' title='bbox 404 1739 451 1803; x_wconf 88' lang='lat' dir='ltr'>eis</span> <span class='ocrx_word' id='word_1_95' title='bbox 466 1738 650 1807; x_wconf 83' lang='lat' dir='ltr'>habendam</span> <span class='ocrx_word' id='word_1_96' title='bbox 667 1739 791 1818; x_wconf 86' lang='lat' dir='ltr'>suadet,</span> <span class='ocrx_word' id='word_1_97' title='bbox 808 1759 867 1803; x_wconf 89' lang='lat' dir='ltr'>nos</span> <span class='ocrx_word' id='word_1_98' title='bbox 884 1742 999 1822; x_wconf 88' lang='lat' dir='ltr'>utpote</span> <span class='ocrx_word' id='word_1_99' title='bbox 1020 1738 1179 1804; x_wconf 78' lang='lat' dir='ltr'>zelatores</span> <span class='ocrx_word' id='word_1_100' title='bbox 1189 1741 1280 1822; x_wconf 87' lang='lat' dir='ltr'>pacis</span> 
     </span>
     <span class='ocr_line' id='line_1_14' title="bbox 149 1843 1281 1931; baseline 0.004 -25"><span class='ocrx_word' id='word_1_101' title='bbox 149 1863 330 1927; x_wconf 85' lang='lat' dir='ltr'>numquam</span> <span class='ocrx_word' id='word_1_102' title='bbox 354 1845 606 1930; x_wconf 67' lang='lat' dir='ltr'>repudiamus,</span> <span class='ocrx_word' id='word_1_103' title='bbox 632 1869 691 1912; x_wconf 87' lang='lat' dir='ltr'>neo</span> <span class='ocrx_word' id='word_1_104' title='bbox 715 1846 924 1931; x_wconf 89' lang='lat' dir='ltr'>repudiamus</span> <span class='ocrx_word' id='word_1_105' title='bbox 941 1843 1210 1928; x_wconf 71' lang='lat' dir='ltr'>Tergestinorum</span> <span class='ocrx_word' id='word_1_106' title='bbox 1234 1847 1281 1912; x_wconf 91' lang='lat' dir='ltr'>in·</span> 
     </span>
     <span class='ocr_line' id='line_1_15' title="bbox 144 1951 1281 2039; baseline 0.001 -22"><span class='ocrx_word' id='word_1_107' title='bbox 144 1951 246 2034; x_wconf 81' lang='lat' dir='ltr'>juniis</span> <span class='ocrx_word' id='word_1_108' title='bbox 257 1953 413 2033; x_wconf 83' lang='lat' dir='ltr'>oblivisci,</span> <span class='ocrx_word' id='word_1_109' title='bbox 429 1956 575 2038; x_wconf 80' lang='lat' dir='ltr'>maxime,</span> <span class='ocrx_word' id='word_1_110' title='bbox 593 1955 725 2038; x_wconf 87' lang='lat' dir='ltr'>quando</span> <span class='ocrx_word' id='word_1_111' title='bbox 741 1955 1024 2039; x_wconf 86' lang='lat' dir='ltr'>impresentiarum</span> <span class='ocrx_word' id='word_1_112' title='bbox 1041 1954 1195 2021; x_wconf 88' lang='lat' dir='ltr'>adversus</span> <span class='ocrx_word' id='word_1_113' title='bbox 1211 1976 1281 2038; x_wconf 89' lang='lat' dir='ltr'>per-</span> 
     </span>
     <span class='ocr_line' id='line_1_16' title="bbox 150 2061 1282 2130; baseline 0.001 -5"><span class='ocrx_word' id='word_1_114' title='bbox 150 2061 344 2128; x_wconf 88' lang='lat' dir='ltr'>fidissimum</span> <span class='ocrx_word' id='word_1_115' title='bbox 362 2062 489 2128; x_wconf 78' lang='lat' dir='ltr'>hostem</span> <span class='ocrx_word' id='word_1_116' title='bbox 507 2062 649 2129; x_wconf 77' lang='lat' dir='ltr'>Turnum</span> <span class='ocrx_word' id='word_1_117' title='bbox 672 2065 753 2128; x_wconf 85' lang='lat' dir='ltr'>vires</span> <span class='ocrx_word' id='word_1_118' title='bbox 780 2071 908 2128; x_wconf 88' lang='lat' dir='ltr'>nostras</span> <span class='ocrx_word' id='word_1_119' title='bbox 934 2064 966 2126; x_wconf 92' lang='lat' dir='ltr'>iu</span> <span class='ocrx_word' id='word_1_120' title='bbox 992 2064 1147 2130; x_wconf 85' lang='lat' dir='ltr'>honorem</span> <span class='ocrx_word' id='word_1_121' title='bbox 1162 2061 1225 2127; x_wconf 92' lang='lat' dir='ltr'>Dei</span> <span class='ocrx_word' id='word_1_122' title='bbox 1251 2071 1282 2128; x_wconf 89' lang='lat' dir='ltr'>et</span> 
     </span>
     <span class='ocr_line' id='line_1_17' title="bbox 148 2169 1089 2257; baseline 0.002 -24"><span class='ocrx_word' id='word_1_123' title='bbox 148 2177 263 2234; x_wconf 84' lang='lat' dir='ltr'>sancte</span> <span class='ocrx_word' id='word_1_124' title='bbox 279 2169 445 2253; x_wconf 83' lang='lat' dir='ltr'>religionis</span> <span class='ocrx_word' id='word_1_125' title='bbox 461 2176 580 2254; x_wconf 83' lang='lat' dir='ltr'>nostre,</span> <span class='ocrx_word' id='word_1_126' title='bbox 594 2173 661 2257; x_wconf 87' lang='lat' dir='ltr'>jam</span> <span class='ocrx_word' id='word_1_127' title='bbox 678 2172 851 2236; x_wconf 83' lang='lat' dir='ltr'>actualiter</span> <span class='ocrx_word' id='word_1_128' title='bbox 868 2172 1089 2237; x_wconf 82' lang='lat' dir='ltr'>direxerimus.</span> 
     </span>
    </p>

    <p class='ocr_par' dir='ltr' id='par_1_3' title="bbox 142 2278 1285 3872">
     <span class='ocr_line' id='line_1_18' title="bbox 260 2278 1280 2362; baseline -0.002 -18"><span class='ocrx_word' id='word_1_129' title='bbox 260 2278 510 2362; x_wconf 88' lang='lat' dir='ltr'>Novissimeque</span> <span class='ocrx_word' id='word_1_130' title='bbox 526 2281 624 2350; x_wconf 85' lang='lat' dir='ltr'>etiam</span> <span class='ocrx_word' id='word_1_131' title='bbox 641 2302 713 2346; x_wconf 84' lang='lat' dir='ltr'>curn</span> <span class='ocrx_word' id='word_1_132' title='bbox 730 2279 881 2344; x_wconf 88' lang='lat' dir='ltr'>Romano</span> <span class='ocrx_word' id='word_1_133' title='bbox 901 2279 1061 2346; x_wconf 85' lang='lat' dir='ltr'>Pontifice</span> <span class='ocrx_word' id='word_1_134' title='bbox 1078 2287 1111 2344; x_wconf 88' lang='lat' dir='ltr'>et</span> <span class='ocrx_word' id='word_1_135' title='bbox 1122 2280 1280 2344; x_wconf 87' lang='lat' dir='ltr'>Illustris-</span> 
     </span>
     <span class='ocr_line' id='line_1_19' title="bbox 147 2385 1281 2476; baseline 0.003 -27"><span class='ocrx_word' id='word_1_136' title='bbox 147 2387 232 2451; x_wconf 89' lang='lat' dir='ltr'>simo</span> <span class='ocrx_word' id='word_1_137' title='bbox 250 2385 394 2452; x_wconf 92' lang='lat' dir='ltr'>Domino</span> <span class='ocrx_word' id='word_1_138' title='bbox 404 2388 497 2454; x_wconf 88' lang='lat' dir='ltr'>Duce</span> <span class='ocrx_word' id='word_1_139' title='bbox 507 2388 700 2476; x_wconf 81' lang='lat' dir='ltr'>Burgundio</span> <span class='ocrx_word' id='word_1_140' title='bbox 717 2395 831 2454; x_wconf 88' lang='lat' dir='ltr'>contra</span> <span class='ocrx_word' id='word_1_141' title='bbox 846 2389 951 2471; x_wconf 83' lang='lat' dir='ltr'>ipsum</span> <span class='ocrx_word' id='word_1_142' title='bbox 963 2388 1106 2452; x_wconf 72' lang='lat' dir='ltr'>llurcum</span> <span class='ocrx_word' id='word_1_143' title='bbox 1123 2388 1165 2452; x_wconf 86' lang='lat' dir='ltr'>ad</span> <span class='ocrx_word' id='word_1_144' title='bbox 1180 2387 1281 2469; x_wconf 86' lang='lat' dir='ltr'>ligem</span> 
     </span>
     <span class='ocr_line' id='line_1_20' title="bbox 147 2495 1281 2578; baseline 0 -19"><span class='ocrx_word' id='word_1_145' title='bbox 147 2502 185 2559; x_wconf 86' lang='lat' dir='ltr'>et</span> <span class='ocrx_word' id='word_1_146' title='bbox 203 2495 454 2578; x_wconf 86' lang='lat' dir='ltr'>intelligentiam</span> <span class='ocrx_word' id='word_1_147' title='bbox 472 2496 704 2578; x_wconf 70' lang='lat' dir='ltr'>devenerimus</span> <span class='ocrx_word' id='word_1_148' title='bbox 721 2505 756 2563; x_wconf 92' lang='lat' dir='ltr'>ut</span> <span class='ocrx_word' id='word_1_149' title='bbox 773 2499 928 2563; x_wconf 80' lang='lat' dir='ltr'>aduersus</span> <span class='ocrx_word' id='word_1_150' title='bbox 943 2519 1014 2562; x_wconf 91' lang='lat' dir='ltr'>eum</span> <span class='ocrx_word' id='word_1_151' title='bbox 1026 2498 1150 2562; x_wconf 89' lang='lat' dir='ltr'>cunctis</span> <span class='ocrx_word' id='word_1_152' title='bbox 1160 2495 1281 2560; x_wconf 88' lang='lat' dir='ltr'>viribus</span> 
     </span>
     <span class='ocr_line' id='line_1_21' title="bbox 146 2603 1282 2696; baseline 0 -29"><span class='ocrx_word' id='word_1_153' title='bbox 146 2603 358 2687; x_wconf 84' lang='lat' dir='ltr'>procedatur,</span> <span class='ocrx_word' id='word_1_154' title='bbox 385 2606 533 2686; x_wconf 89' lang='lat' dir='ltr'>requisiti</span> <span class='ocrx_word' id='word_1_155' title='bbox 551 2627 680 2689; x_wconf 88' lang='lat' dir='ltr'>quoque</span> <span class='ocrx_word' id='word_1_156' title='bbox 698 2607 825 2690; x_wconf 86' lang='lat' dir='ltr'>abipso</span> <span class='ocrx_word' id='word_1_157' title='bbox 842 2605 990 2671; x_wconf 86' lang='lat' dir='ltr'>Romano</span> <span class='ocrx_word' id='word_1_158' title='bbox 1007 2603 1178 2684; x_wconf 87' lang='lat' dir='ltr'>Pontifice‚</span> <span class='ocrx_word' id='word_1_159' title='bbox 1195 2605 1282 2696; x_wconf 85' lang='lat' dir='ltr'>circa</span> 
     </span>
     <span class='ocr_line' id='line_1_22' title="bbox 146 2710 1283 2797; baseline -0.001 -22"><span class='ocrx_word' id='word_1_160' title='bbox 146 2731 266 2795; x_wconf 89' lang='lat' dir='ltr'>paoem</span> <span class='ocrx_word' id='word_1_161' title='bbox 290 2710 565 2794; x_wconf 77' lang='lat' dir='ltr'>Tergestiuorum.</span> <span class='ocrx_word' id='word_1_162' title='bbox 590 2737 647 2797; x_wconf 89' lang='lat' dir='ltr'>per</span> <span class='ocrx_word' id='word_1_163' title='bbox 679 2713 822 2778; x_wconf 90' lang='lat' dir='ltr'>medium</span> <span class='ocrx_word' id='word_1_164' title='bbox 854 2713 1128 2778; x_wconf 86' lang='lat' dir='ltr'>Reverendissimi</span> <span class='ocrx_word' id='word_1_165' title='bbox 1161 2710 1283 2776; x_wconf 89' lang='lat' dir='ltr'>domini</span> 
     </span>
     <span class='ocr_line' id='line_1_23' title="bbox 145 2819 1283 2905; baseline -0.004 -20"><span class='ocrx_word' id='word_1_166' title='bbox 145 2819 475 2902; x_wconf 81' lang='lat' dir='ltr'>OardinalisNiceni,</span> <span class='ocrx_word' id='word_1_167' title='bbox 491 2821 608 2904; x_wconf 84' lang='lat' dir='ltr'>Legati</span> <span class='ocrx_word' id='word_1_168' title='bbox 628 2822 679 2886; x_wconf 89' lang='lat' dir='ltr'>hio</span> <span class='ocrx_word' id='word_1_169' title='bbox 696 2823 874 2902; x_wconf 82' lang='lat' dir='ltr'>existentis,</span> <span class='ocrx_word' id='word_1_170' title='bbox 891 2821 1174 2905; x_wconf 82' lang='lat' dir='ltr'>interpositionem</span> <span class='ocrx_word' id='word_1_171' title='bbox 1191 2840 1283 2882; x_wconf 89' lang='lat' dir='ltr'>suam</span> 
     </span>
     <span class='ocr_line' id='line_1_24' title="bbox 147 2926 1283 3012; baseline -0.001 -22"><span class='ocrx_word' id='word_1_172' title='bbox 147 2929 241 2992; x_wconf 87' lang='lat' dir='ltr'>hono</span> <span class='ocrx_word' id='word_1_173' title='bbox 257 2928 366 2992; x_wconf 87' lang='lat' dir='ltr'>animo</span> <span class='ocrx_word' id='word_1_174' title='bbox 383 2929 631 3011; x_wconf 70' lang='lat' dir='ltr'>acceptavimus</span> <span class='ocrx_word' id='word_1_175' title='bbox 658 2930 867 3012; x_wconf 78' lang='lat' dir='ltr'>contentique</span> <span class='ocrx_word' id='word_1_176' title='bbox 884 2929 1012 3008; x_wconf 70' lang='lat' dir='ltr'>fuimus,</span> <span class='ocrx_word' id='word_1_177' title='bbox 1030 2928 1116 3011; x_wconf 91' lang='lat' dir='ltr'>quod</span> <span class='ocrx_word' id='word_1_178' title='bbox 1133 2927 1202 3009; x_wconf 89' lang='lat' dir='ltr'>ejus</span> <span class='ocrx_word' id='word_1_179' title='bbox 1218 2926 1283 2990; x_wconf 85' lang='lat' dir='ltr'>Re·</span> 
     </span>
     <span class='ocr_line' id='line_1_25' title="bbox 144 3034 1280 3118; baseline -0.001 -20"><span class='ocrx_word' id='word_1_180' title='bbox 144 3034 388 3100; x_wconf 80' lang='lat' dir='ltr'>vereudissima</span> <span class='ocrx_word' id='word_1_181' title='bbox 405 3035 441 3100; x_wconf 93' lang='lat' dir='ltr'>P.</span> <span class='ocrx_word' id='word_1_182' title='bbox 460 3037 608 3106; x_wconf 88' lang='lat' dir='ltr'>nuntium</span> <span class='ocrx_word' id='word_1_183' title='bbox 634 3058 727 3102; x_wconf 89' lang='lat' dir='ltr'>suum</span> <span class='ocrx_word' id='word_1_184' title='bbox 747 3038 878 3100; x_wconf 84' lang='lat' dir='ltr'>mittent</span> <span class='ocrx_word' id='word_1_185' title='bbox 894 3039 980 3102; x_wconf 91' lang='lat' dir='ltr'>inter</span> <span class='ocrx_word' id='word_1_186' title='bbox 997 3035 1198 3118; x_wconf 70' lang='lat' dir='ltr'>&#39;l&#39;ergestum</span> <span class='ocrx_word' id='word_1_187' title='bbox 1216 3055 1280 3098; x_wconf 91' lang='lat' dir='ltr'>nou</span> 
     </span>
     <span class='ocr_line' id='line_1_26' title="bbox 146 3143 1284 3226; baseline -0.004 -17"><span class='ocrx_word' id='word_1_188' title='bbox 146 3143 317 3226; x_wconf 88' lang='lat' dir='ltr'>obstante,</span> <span class='ocrx_word' id='word_1_189' title='bbox 334 3144 422 3226; x_wconf 91' lang='lat' dir='ltr'>quod</span> <span class='ocrx_word' id='word_1_190' title='bbox 439 3145 527 3209; x_wconf 87' lang='lat' dir='ltr'>locus</span> <span class='ocrx_word' id='word_1_191' title='bbox 543 3145 597 3215; x_wconf 89' lang='lat' dir='ltr'>ille</span> <span class='ocrx_word' id='word_1_192' title='bbox 614 3144 655 3208; x_wconf 89' lang='lat' dir='ltr'>ub</span> <span class='ocrx_word' id='word_1_193' title='bbox 673 3147 817 3209; x_wconf 86' lang='lat' dir='ltr'>exercitu</span> <span class='ocrx_word' id='word_1_194' title='bbox 834 3151 866 3208; x_wconf 90' lang='lat' dir='ltr'>et</span> <span class='ocrx_word' id='word_1_195' title='bbox 879 3145 1035 3210; x_wconf 89' lang='lat' dir='ltr'>militibus</span> <span class='ocrx_word' id='word_1_196' title='bbox 1047 3144 1167 3207; x_wconf 87' lang='lat' dir='ltr'>uostris</span> <span class='ocrx_word' id='word_1_197' title='bbox 1178 3143 1284 3207; x_wconf 89' lang='lat' dir='ltr'>obses-</span> 
     </span>
     <span class='ocr_line' id='line_1_27' title="bbox 146 3251 1284 3318; baseline -0.004 -2"><span class='ocrx_word' id='word_1_198' title='bbox 146 3272 209 3316; x_wconf 89' lang='lat' dir='ltr'>sus</span> <span class='ocrx_word' id='word_1_199' title='bbox 227 3253 277 3316; x_wconf 86' lang='lat' dir='ltr'>sit</span> <span class='ocrx_word' id='word_1_200' title='bbox 293 3251 364 3317; x_wconf 88' lang='lat' dir='ltr'>Nec</span> <span class='ocrx_word' id='word_1_201' title='bbox 380 3251 521 3317; x_wconf 90' lang='lat' dir='ltr'>defuturi</span> <span class='ocrx_word' id='word_1_202' title='bbox 539 3273 647 3317; x_wconf 87' lang='lat' dir='ltr'>sumus</span> <span class='ocrx_word' id='word_1_203' title='bbox 660 3293 702 3301; x_wconf 38' lang='grc' dir='ltr'>-ψ</span> <span class='ocrx_word' id='word_1_204' title='bbox 713 3253 802 3317; x_wconf 86' lang='lat' dir='ltr'>salvo</span> <span class='ocrx_word' id='word_1_205' title='bbox 819 3253 940 3318; x_wconf 88' lang='lat' dir='ltr'>honore</span> <span class='ocrx_word' id='word_1_206' title='bbox 956 3257 1067 3318; x_wconf 88' lang='lat' dir='ltr'>nostro</span> <span class='ocrx_word' id='word_1_207' title='bbox 1080 3289 1124 3301; x_wconf 89' lang='lat'><em>-</em></span> <span class='ocrx_word' id='word_1_208' title='bbox 1135 3251 1284 3315; x_wconf 83' lang='lat' dir='ltr'>decentes</span> 
     </span>
     <span class='ocr_line' id='line_1_28' title="bbox 146 3356 1281 3444; baseline -0.005 -18"><span class='ocrx_word' id='word_1_209' title='bbox 146 3360 357 3426; x_wconf 87' lang='lat' dir='ltr'>conditiones</span> <span class='ocrx_word' id='word_1_210' title='bbox 385 3361 556 3426; x_wconf 84' lang='lat' dir='ltr'>concordie</span> <span class='ocrx_word' id='word_1_211' title='bbox 574 3383 699 3444; x_wconf 84' lang='lat' dir='ltr'>semper</span> <span class='ocrx_word' id='word_1_212' title='bbox 716 3363 877 3444; x_wconf 72' lang='lat' dir='ltr'>amplecti,</span> <span class='ocrx_word' id='word_1_213' title='bbox 905 3363 964 3426; x_wconf 91' lang='lat' dir='ltr'>heo</span> <span class='ocrx_word' id='word_1_214' title='bbox 982 3362 1089 3425; x_wconf 89' lang='lat' dir='ltr'>omnia</span> <span class='ocrx_word' id='word_1_215' title='bbox 1107 3356 1281 3427; x_wconf 86' lang='lat' dir='ltr'>Serenitati</span> 
     </span>
     <span class='ocr_line' id='line_1_29' title="bbox 143 3467 1282 3552; baseline -0.01 -15"><span class='ocrx_word' id='word_1_216' title='bbox 143 3468 273 3537; x_wconf 86' lang='lat' dir='ltr'>Vestra</span> <span class='ocrx_word' id='word_1_217' title='bbox 292 3487 331 3532; x_wconf 87' lang='lat' dir='ltr'>co</span> <span class='ocrx_word' id='word_1_218' title='bbox 347 3467 501 3533; x_wconf 89' lang='lat' dir='ltr'>libentius</span> <span class='ocrx_word' id='word_1_219' title='bbox 518 3469 702 3538; x_wconf 84' lang='lat' dir='ltr'>nuncianda</span> <span class='ocrx_word' id='word_1_220' title='bbox 719 3469 876 3550; x_wconf 83' lang='lat' dir='ltr'>duximus,</span> <span class='ocrx_word' id='word_1_221' title='bbox 905 3491 969 3552; x_wconf 92' lang='lat' dir='ltr'>quo</span> <span class='ocrx_word' id='word_1_222' title='bbox 986 3470 1066 3534; x_wconf 86' lang='lat' dir='ltr'>certi</span> <span class='ocrx_word' id='word_1_223' title='bbox 1083 3487 1193 3530; x_wconf 89' lang='lat' dir='ltr'>sumus</span> <span class='ocrx_word' id='word_1_224' title='bbox 1211 3485 1282 3528; x_wconf 90' lang='lat' dir='ltr'>eam</span> 
     </span>
     <span class='ocr_line' id='line_1_30' title="bbox 143 3573 1285 3661; baseline -0.004 -21"><span class='ocrx_word' id='word_1_225' title='bbox 143 3597 211 3659; x_wconf 87' lang='lat' dir='ltr'>pro</span> <span class='ocrx_word' id='word_1_226' title='bbox 240 3595 297 3640; x_wconf 90' lang='lat' dir='ltr'>sua</span> <span class='ocrx_word' id='word_1_227' title='bbox 323 3577 483 3657; x_wconf 86' lang='lat' dir='ltr'>sapientia</span> <span class='ocrx_word' id='word_1_228' title='bbox 509 3583 542 3640; x_wconf 90' lang='lat' dir='ltr'>et</span> <span class='ocrx_word' id='word_1_229' title='bbox 568 3577 711 3658; x_wconf 84' lang='lat' dir='ltr'>equitate</span> <span class='ocrx_word' id='word_1_230' title='bbox 733 3577 982 3661; x_wconf 86' lang='lat' dir='ltr'>justificationes</span> <span class='ocrx_word' id='word_1_231' title='bbox 999 3581 1127 3640; x_wconf 89' lang='lat' dir='ltr'>nostras</span> <span class='ocrx_word' id='word_1_232' title='bbox 1144 3573 1285 3638; x_wconf 89' lang='lat' dir='ltr'>libenter</span> 
     </span>
     <span class='ocr_line' id='line_1_31' title="bbox 142 3683 1281 3767; baseline -0.004 -17"><span class='ocrx_word' id='word_1_233' title='bbox 142 3683 351 3761; x_wconf 77' lang='lat' dir='ltr'>audituram,</span> <span class='ocrx_word' id='word_1_234' title='bbox 377 3703 434 3746; x_wconf 91' lang='lat' dir='ltr'>nos</span> <span class='ocrx_word' id='word_1_235' title='bbox 462 3705 560 3765; x_wconf 89' lang='lat' dir='ltr'>quam</span> <span class='ocrx_word' id='word_1_236' title='bbox 587 3685 848 3750; x_wconf 85' lang='lat' dir='ltr'>honestissimam</span> <span class='ocrx_word' id='word_1_237' title='bbox 874 3691 905 3748; x_wconf 90' lang='lat' dir='ltr'>ct</span> <span class='ocrx_word' id='word_1_238' title='bbox 919 3684 1133 3767; x_wconf 88' lang='lat' dir='ltr'>justissimam</span> <span class='ocrx_word' id='word_1_239' title='bbox 1151 3700 1281 3746; x_wconf 88' lang='lat' dir='ltr'>causam</span> 
     </span>
     <span class='ocr_line' id='line_1_32' title="bbox 142 3789 594 3872; baseline -0.002 -17"><span class='ocrx_word' id='word_1_240' title='bbox 142 3791 261 3855; x_wconf 82' lang='lat' dir='ltr'>lovere</span> <span class='ocrx_word' id='word_1_241' title='bbox 273 3789 499 3872; x_wconf 83' lang='lat' dir='ltr'>judicaturam</span> <span class='ocrx_word' id='word_1_242' title='bbox 515 3813 594 3856; x_wconf 86' lang='lat' dir='ltr'>esse.</span> 
     </span>
    </p>

    <p class='ocr_par' dir='ltr' id='par_1_4' title="bbox 208 3896 756 4180">
     <span class='ocr_line' id='line_1_33' title="bbox 208 3896 753 3978; baseline 0.006 -17"><span class='ocrx_word' id='word_1_243' title='bbox 208 3947 214 3961; x_wconf 83' lang='grc'><strong><em>,</em></strong></span> <span class='ocrx_word' id='word_1_244' title='bbox 261 3896 311 3960; x_wconf 88' lang='lat' dir='ltr'>De</span> <span class='ocrx_word' id='word_1_245' title='bbox 329 3904 422 3978; x_wconf 83' lang='lat' dir='ltr'>parte</span> <span class='ocrx_word' id='word_1_246' title='bbox 503 3937 539 3944; x_wconf 96' lang='lat'><em>-</em></span> <span class='ocrx_word' id='word_1_247' title='bbox 589 3938 631 3945; x_wconf 92' lang='lat'>-</span> <span class='ocrx_word' id='word_1_248' title='bbox 682 3906 753 3966; x_wconf 88' lang='grc'><strong>122.</strong></span> 
     </span>
     <span class='ocr_line' id='line_1_34' title="bbox 261 4003 754 4072; baseline 0.01 -5"><span class='ocrx_word' id='word_1_249' title='bbox 261 4003 313 4068; x_wconf 90' lang='lat' dir='ltr'>De</span> <span class='ocrx_word' id='word_1_250' title='bbox 329 4025 393 4070; x_wconf 92' lang='lat' dir='ltr'>non</span> <span class='ocrx_word' id='word_1_251' title='bbox 501 4043 542 4050; x_wconf 81' lang='lat'>-</span> <span class='ocrx_word' id='word_1_252' title='bbox 591 4046 634 4053; x_wconf 84' lang='lat'>-</span> <span class='ocrx_word' id='word_1_253' title='bbox 705 4014 754 4072; x_wconf 90' lang='grc'>21.</span> 
     </span>
     <span class='ocr_line' id='line_1_35' title="bbox 260 4115 756 4180; baseline -0.004 0"><span class='ocrx_word' id='word_1_254' title='bbox 260 4115 339 4180; x_wconf 90' lang='lat' dir='ltr'>Non</span> <span class='ocrx_word' id='word_1_255' title='bbox 354 4115 471 4179; x_wconf 84' lang='lat' dir='ltr'>sinceri</span> <span class='ocrx_word' id='word_1_256' title='bbox 593 4150 636 4160; x_wconf 86' lang='lat'>--</span> <span class='ocrx_word' id='word_1_257' title='bbox 728 4123 756 4178; x_wconf 81' lang='grc'>8.</span> 
     </span>
    </p>
   </div>
   <div class='ocr_carea' id='block_1_3' title="bbox 262 4275 731 4341">
    <p class='ocr_par' dir='ltr' id='par_1_5' title="bbox 262 4275 731 4341">
     <span class='ocr_line' id='line_1_36' title="bbox 262 4275 731 4341; baseline 0.002 -17"><span class='ocrx_word' id='word_1_258' title='bbox 262 4276 420 4338; x_wconf 71' lang='lat' dir='ltr'>(Velenczei</span> <span class='ocrx_word' id='word_1_259' title='bbox 434 4275 614 4341; x_wconf 77' lang='lat' dir='ltr'>euenikouyv</span> <span class='ocrx_word' id='word_1_260' title='bbox 629 4282 688 4328; x_wconf 78' lang='grc'><strong>991.</strong></span> <span class='ocrx_word' id='word_1_261' title='bbox 702 4279 731 4337; x_wconf 82' lang='lat' dir='ltr'>l.)</span> 
     </span>
    </p>
   </div>
   <div class='ocr_carea' id='block_1_4' title="bbox 0 0 1632 5304">
    <p class='ocr_par' dir='ltr' id='par_1_6' title="bbox 0 0 1632 5304">
     <span class='ocr_line' id='line_1_37' title="bbox 0 0 1632 5304; baseline 0 1"><span class='ocrx_word' id='word_1_262' title='bbox 0 0 1632 5304; x_wconf 95' lang='lat' dir='ltr'> </span> 
     </span>
    </p>
   </div>
  </div>
 </body>
</html>
