3268 5308
691 301 784 374 1469.
846 307 849 312 ’

714 653 765 715 80.

178 809 276 874 1462.
310 810 339 870 Α
358 811 510 874 celcaczei
534 809 749 874 dilamtaadcc
769 815 960 878 hota'rozalc
978 814 1108 896 Ma'tpa's
1122 811 1233 902 kirctlp
1250 811 1304 876 kd-

176 918 314 999 cetenels,
342 943 363 982 a
388 917 479 982 torua
504 917 596 980 ellani
611 920 718 1003 srpdly
734 919 824 984 irdat
839 920 971 987 adandd
985 922 1097 984 vdlcsz
1113 921 1303 1005 tctrpyctbaa.

174 1110 449 1179 MOCOOLXII.
467 1113 518 1179 die
535 1111 679 1182 XXIX.
694 1115 821 1200 Martij.

174 1219 350 1304 Sapientes
366 1219 503 1304 0⁰11⁸ffij
553 1221 557 1276 ¹
693 1238 789 1324 Quod
814 1240 991 1322 Magnifico
1009 1240 1143 1306 Oratori
1159 1239 1302 1309 Serenia-

255 1353 271 1388 »
364 1335 387 1394 i·
404 1328 425 1394 f·
441 1335 474 1394 θῖ
605 1347 678 1412 simi
688 1346 791 1431 Regis
801 1347 981 1431 Hungarie,
998 1351 1054 1432 qui
1071 1370 1173 1432 nuper
1189 1349 1233 1416 ad
1242 1372 1301 1416 nos

255 1460 270 1495 ³
365 1434 540 1536 QQQ
605 1476 639 1519 se
665 1455 813 1539 contulit,
844 1461 877 1521 et
900 1463 976 1538 post
1006 1457 1174 1538 generalia
1205 1458 1301 1541 longo

174 1562 347 1627 verborum
373 1567 561 1628 ornamento
579 1567 716 1628 conatus
733 1570 790 1645 est,
815 1563 980 1628 declarare
995 1563 1098 1646 nobie,
1124 1565 1230 1646 qualis
1247 1563 1303 1630 ad-

174 1669 498 1736 versuschristianos
516 1670 559 1734 sit
570 1668 712 1751 perfidus
723 1671 849 1735 animus
865 1677 899 1736 et
908 1669 1044 1736 intentio
1055 1670 1163 1756 Turci,
1183 1673 1300 1754 quidve

173 1777 329 1842 moliatur
355 1783 387 1842 et
401 1783 497 1861 paret
513 1777 547 1842 in
564 1777 696 1842 exitium
713 1783 747 1843 et
761 1779 979 1862 perditionem
995 1800 1086 1844 suam
1102 1779 1136 1844 in
1152 1779 1302 1862 partibus

173 1886 317 1970 Europe,
341 1893 442 1971 utque
453 1889 628 1971 presertim
644 1887 796 1971 Regnum
812 1887 983 1970 Hungaric
999 1887 1163 1954 debellare
1179 1890 1303 1972 possit;

173 1992 216 2057 de
231 1993 307 2058 hinc
322 1993 450 2060 facilius
461 1995 676 2086 christianum
687 2014 804 2059 nomen
815 1994 1011 2061 subvertere.
1031 1993 1303 2062 Commemoravit

174 2121 305 2183 quoque
320 2103 519 2185 periculosas
531 2108 563 2167 et
573 2102 781 2168 calamitosas
791 2103 991 2169 conditiones
1001 2103 1110 2185 Regni
1120 2103 1302 2187 Hungarie‚

174 2229 355 2292 gravesque
377 2210 524 2293 jacturas
551 2215 583 2275 et
607 2209 717 2276 clades
744 2209 895 2276 aTurcis
920 2217 1093 2295 susceptae,
1118 2211 1206 2276 ultra
1221 2233 1303 2294 quas

174 2317 219 2382 ab
235 2317 453 2402 Imperatoria
480 2319 660 2404 Majestate
687 2321 843 2403 injustum
858 2319 980 2385 bellum
995 2320 1111 2402 Regno
1128 2320 1192 2403 ipsi
1207 2319 1303 2384 infer·

173 2425 319 2506 rebatur,
335 2428 443 2510 sepius
461 2451 481 2494 a
496 2427 656 2494 Pontifice
672 2430 812 2496 maximo
830 2427 936 2510 Regia
954 2428 1110 2511 Majeatas
1130 2427 1302 2510 Hungaric

36 2599 43 2626 Ι
173 2533 326 2599 intentis
342 2535 495 2618 periculis
510 2537 688 2620 implorare
699 2559 794 2621 opem
804 2536 984 2621 studuerat,
1001 2537 1056 2602 sed
1067 2537 1302 2621 nihilunquam

174 2643 210 2706 id
227 2643 384 2726 proficere
399 2647 513 2730 potuit,
539 2647 617 2729 quia
634 2667 735 2730 usque
751 2647 834 2712 adeo
849 2644 953 2712 solum
968 2645 1075 2712 verbis
1091 2644 1198 2710 fuerat
1214 2651 1302 2712 satu-

174 2755 276 2833 ratuS,
302 2774 429 2818 rursum
446 2751 607 2838 Majestas
623 2753 727 2840 Regis
752 2754 803 2821 sui
826 2755 954 2818 mittere
980 2774 1052 2818 eum
1076 2757 1236 2819 statuerat
1260 2751 1304 2818 ad

174 2857 361 2925 Romanum
387 2856 590 2945 Pontificem,
615 2869 721 2928 motus
746 2862 919 2946 presertim
944 2861 1145 2927 suasionibus
1170 2861 1302 2942 nostris,

175 2965 343 3052 fretusque
359 2990 478 3054 magno
494 2993 604 3037 amore
621 2976 655 3036 et
671 2971 840 3036 affectione
856 2971 1020 3056 precipua,
1037 2991 1135 3053 qnam
1152 2969 1302 3034 continue

175 3077 266 3141 novit
290 3098 403 3162 gerere
428 3099 487 3144 nos
504 3077 684 3146 Serenitati
699 3077 773 3159 Sue,
798 3079 831 3143 in
857 3100 921 3161 qua
936 3100 972 3144 re
988 3099 1079 3162 spem
1096 3084 1129 3144 et
1143 3076 1303 3144 confiden-

175 3185 256 3250 tiam
282 3207 374 3254 suam
398 3186 432 3251 in
458 3209 516 3253 nos
541 3186 712 3269 locaverat,
738 3193 916 3271 nostraque
942 3208 1042 3272 opera
1068 3207 1254 3252 succursum
1271 3191 1304 3251 et

175 3291 320 3358 favorem
344 3295 519 3379 impetrare
544 3313 648 3378 posse,
673 3296 735 3361 sibi
751 3295 979 3379 persuadebat,
1004 3297 1141 3362 multum
1157 3295 1254 3378 digne
1271 3300 1304 3360 et

175 3399 351 3468 honorifice
367 3403 408 3469 de
423 3403 516 3470 nobis
532 3404 661 3470 locutus
679 3409 738 3469 est.
753 3403 930 3470 Habuerat
944 3405 979 3468 in
994 3404 1158 3470 mandatis
1175 3425 1196 3468 a
1211 3402 1303 3469 Sere·

177 3507 311 3576 nissimo
328 3511 421 3596 Rege
447 3533 514 3596 suo,
539 3533 730 3597 quecunque
746 3511 807 3578 sibi
823 3513 970 3598 injuncta
984 3512 1134 3578 Romano
1151 3509 1302 3576 Pontifici
1388 3526 1397 3531 ·

137 3657 142 3666 »
174 3617 357 3704 referenda,
383 3620 474 3703 prius
501 3621 704 3687 comunicare
729 3621 904 3702 nobiscum,
930 3622 1113 3705 omniaque,
1135 3625 1171 3686 ut·
1195 3619 1302 3686 verbis

175 3727 239 3792 suis
255 3732 396 3810 utamur,
420 3730 586 3796 remittere
603 3729 757 3811 Consilio,
773 3731 965 3797 auctoritati
980 3736 1013 3797 et
1029 3728 1166 3796 arbitrio
1182 3733 1302 3793 nostro.

175 3814 323 3899 Subinde
348 3841 460 3902 orator
475 3836 545 3920 ipse
560 3837 677 3902 iterum
693 3837 736 3903 ad
752 3859 811 3904 nos
827 3859 1001 3921 regressus,
1026 3836 1137 3902 multis
1153 3834 1302 3900 humanis

176 3955 209 4006 et
223 3940 412 4010 affectuosis
427 3943 533 4010 verbis
549 3947 827 4031 commemoravit,
846 3945 933 4030 quod
949 3947 977 4010 si
992 3944 1035 4009 ad
1050 3944 1234 4028 generalem
1250 3964 1302 4008 ex-

174 4052 374 4133 peditionem
399 4061 513 4120 contra
537 4053 665 4121 hostem
690 4055 928 4139 procedendum
954 4045 1034 4136 erat,
1061 4049 1234 4134 necessarij
1260 4050 1302 4114 vi·

176 4158 336 4225 dabantur
346 4161 451 4244 Regia
467 4147 641 4245 Majestati
656 4163 724 4228 LX
740 4161 845 4228 millia
859 4167 1084 4246 pugnatorum,
1101 4159 1157 4225 sed
1173 4157 1303 4223 descen·

176 4265 225 4332 dit
248 4268 384 4335 tandem
408 4269 643 4336 adnumerum
668 4272 784 4336 saltem
808 4269 948 4336 militum
962 4267 1031 4332 LX
1055 4267 1167 4349 millia,
1184 4266 1302 4350 quibus

174 4377 352 4443 solveretur
367 4398 425 4461 per
434 4381 599 4462 potentias
618 4379 812 4446 christianas
827 4375 1026 4444 solummodo
1035 4397 1094 4460 per
1104 4396 1159 4440 sex
1168 4395 1303 4460 menses,

174 4504 248 4552 nam
264 4487 365 4570 ultra,
389 4486 476 4571 quod
491 4486 531 4554 de
547 4489 683 4556 victoria
697 4485 909 4574 proculdubio
926 4483 1120 4571 sperandum
1140 4487 1220 4571 erat,
1244 4483 1302 4548 mi-
