3256 5304
625 399 719 460 1463.
766 356 769 361 ⁵
1151 401 1239 462 ror

216 573 480 640 Deliberavimus
498 595 625 656 quoque
642 574 763 659 eligere
783 580 815 638 et
831 575 960 639 mittere
980 570 1152 638 Oratorem
1168 597 1242 640 nos·

106 689 195 747 trum
213 680 255 746 ad
273 679 520 747 Serenissimum
536 679 663 764 Regem
679 681 861 764 Hungarie‚
880 679 919 748 de
949 681 1066 764 quibus
1095 683 1244 748 omnibus

1 875 2 878 Ἴ
108 790 266 872 volumus,
301 796 338 854 ut
364 790 603 873 quamprimum
629 790 784 854 noticiam
815 789 894 853 dare
920 789 1039 853 debeas
1054 843 1057 851 .
1071 788 1242 874 Majestati

1 892 5 962 ,ἶ
64 881 66 890 ¹
112 897 188 980 Sue,
214 905 250 963 ut
266 904 298 964 et
314 901 473 980 optimam
489 905 631 963 mentem
650 902 858 976 nostramet
885 897 1131 978 quantumsibi,
1159 921 1244 971 oom-

1 985 2 990 .
109 1006 281 1088 modisque
314 1012 347 1070 et
372 1004 579 1089 amplitudini
597 1026 653 1070 sue
669 1010 700 1069 et
725 1006 817 1088 regni
844 1006 892 1068 sui
919 1004 1027 1068 affecti
1053 1029 1173 1086 sumus,
1198 1008 1243 1070 iu-

79 1095 260 1198 telligere
280 1114 391 1195 possit.
774 1173 775 1176 ,

1 1231 2 1301 3
101 1270 123 1280 ..
218 1221 260 1304 -t-
307 1225 348 1285 89
396 1257 440 1267 -
486 1224 508 1284 4
556 1257 598 1267 —
647 1226 674 1285 7.

218 1328 282 1395 Ser
298 1328 487 1395 Oaudianus
514 1327 649 1393 Bollani
665 1327 735 1392 vult
759 1331 888 1410 partem
909 1327 1163 1410 suprascriptam
1189 1349 1240 1392 us·

112 1459 175 1520 que
192 1437 235 1502 ad
250 1434 276 1524 †
293 1438 338 1502 Et
353 1441 470 1520 postea
487 1436 616 1501 dicatur
631 1441 669 1500 ut
684 1435 786 1500 inira:

217 1544 289 1610 Nos
306 1567 435 1628 quoque
453 1543 574 1628 eligere
601 1543 852 1609 deliberavimus
878 1526 1101 1610 honorabilem
1128 1541 1259 1610 Orato-¹

1 1731 2 1739 ἵ
82 1643 87 1654 ’
114 1661 217 1719 torem
233 1659 379 1719 nostrum
395 1652 438 1718 ad
454 1655 561 1735 ipsum
577 1649 824 1717 Serenissimum
840 1640 976 1732 Regem,
1003 1658 1039 1716 ut
1065 1654 1187 1717 nostris
1213 1659 1246 1716 et

111 1761 252 1826 aliorum
277 1759 407 1843 auxilijs
439 1765 622 1842 opportune
654 1758 750 1822 rebus
782 1757 847 1822 illis
879 1759 1049 1824 subvenire
1080 1740 1242 1842 possimus

112 1875 144 1934 et
161 1875 222 1934 eet.
254 1866 293 1934 Si
310 1868 389 1935 Rev.
406 1868 565 1932 Dominus
581 1865 763 1950 Episcopus
783 1863 947 1950 Segadini‚
974 1857 1070 1950 quem
1088 1869 1246 1952 scripsisti

36 2009 45 2024 .
110 1979 203 2044 nobis
219 1975 383 2060 prefatum
401 1973 650 2041 Serenissimum
666 1973 791 2057 Regem
808 1976 947 2054 mittere,
964 1977 1144 2042 instituisse
1161 1974 1243 2042 Ora-

1 2065 3 2134 i
110 2093 213 2152 torem
239 2106 333 2148 suum
350 2085 392 2148 ad
410 2081 441 2148 S.
459 2082 659 2162 Pontificem,
675 2102 740 2147 non
757 2082 834 2146 dum
859 2083 998 2148 forsitan
1024 2086 1135 2150 itineri
1160 2105 1244 2149 com-

1 2175 4 2216 ⁵
111 2194 227 2258 missus
246 2198 339 2271 esset,
369 2192 512 2258 contenti
530 2211 639 2255 sumus
657 2195 689 2254 et
705 2191 862 2270 volumus,
878 2196 914 2257 ut
930 2212 988 2274 per
1005 2191 1078 2256 illos
1094 2192 1195 2257 bonos
1212 2199 1245 2257 et

1 2303 2 2320 ³
110 2300 287 2385 prudentes
322 2299 446 2379 modos,
481 2301 537 2382 qui
563 2297 623 2362 tibi
657 2298 861 2378 videbuntur,
897 2299 1080 2364 studiosam
1106 2321 1240 2383 operam

1 2412 2 2425 ¹
113 2408 190 2474 dare
206 2406 336 2488 debeas,
353 2407 441 2490 quod
457 2407 611 2472 discedat.

217 2515 270 2581 De
286 2521 380 2600 parte
404 2515 446 2600 -t-
471 2517 523 2579 40.

223 2697 383 2763 (Velenczei
395 2696 573 2760 allamkonyv
589 2697 677 2746 1441.
692 2698 758 2746 Doc.
772 2697 820 2758 ΙΙ.)

663 2877 756 2884 ,ὴ--ι

646 3221 718 3282 124.

1 3375 10 3418 t
114 3380 208 3444 1463.
226 3378 253 3444 Α
273 3381 426 3445 ceterrezei
441 3380 662 3444 dtlcmtcmice
678 3381 872 3466 ofraoczic
890 3381 1070 3467 Icirctlyoalc
1098 3406 1119 3445 o
1149 3380 1241 3446 roret

288 3489 367 3553 elteri
393 3489 475 3575 iptrr
491 3487 623 3575 sepdlpdt
641 3488 752 3552 taetros
768 3491 952 3554 trrdomdoot
972 3491 1062 3552 vesci.
1131 3530 1133 3535 ι

113 3679 403 3748 nroooouxur.
421 3685 472 3749 ue
489 3683 607 3750 xvrr.
624 3683 749 3767 marre.

221 3789 435 3856 Serenissimo
452 3791 594 3857 Domino
614 3793 790 3870 liudovico,
806 3791 1035 3856 Franchorum
1051 3791 1144 3874 Regi.

111 3896 285 3981 Sapientes
303 3897 491 4002 0⁰1¹⁸flij0i2
630 3917 774 3982 Rediens
801 3938 825 3998 a
851 3922 1026 3998 conspectu
1051 3880 1246 4002 Majestatis

202 4031 217 4064 ³⁹
296 4012 334 4104 J·
356 4005 376 4071 f·
489 4011 661 4112 {Vestre
689 4024 795 4108 Speot.
821 4025 913 4090 miles
940 4027 980 4090 D.
1008 4021 1173 4090 Antonius
1202 4023 1240 4089 de
1341 4037 1344 4043 '

112 4095 295 4105 *—

0 4147 1 4198 t
112 4129 352 4216 Grationopoli‚
370 4133 492 4202 Orator
510 4131 716 4198 serenissimi
732 4134 773 4199 D.
790 4133 893 4217 Regis
909 4133 1075 4214 Bohemie‚
1097 4133 1240 4216 plurima

113 4238 203 4304 uobis
229 4242 341 4304 retulit
372 4241 412 4305 de
443 4241 579 4305 ferventi
610 4241 829 4326 dispositione,
860 4243 1047 4325 optimoque
1073 4243 1240 4324 proposito

9 4372 15 4388 .
114 4346 390 4413 Christianissime
417 4347 612 4414 Serenitatis
628 4350 747 4418 Vestre
774 4351 807 4414 in
824 4351 982 4431 omnibus7
1000 4372 1062 4432 que
1082 4349 1238 4414 honorem

114 4454 183 4538 Dei,
199 4456 340 4540 fideique
357 4456 575 4522 defensionem
592 4464 796 4539 conseruent,
815 4458 847 4521 id
868 4459 974 4541 ipsum
999 4479 1127 4542 quoque
1153 4458 1238 4522 litte-

0 4573 1 4608 ³
115 4563 156 4632 ris
181 4564 371 4653 Majest-atis
396 4564 516 4635 Vestre
542 4586 601 4654 per
633 4564 808 4635 Oratorem
835 4567 942 4654 ipsum
968 4565 1059 4635 nobis
1084 4563 1236 4634 exhibitis
