3268 5308
644 333 738 411 tlon.
1193 340 1248 415 iol

125 515 235 609 ipsum
262 525 510 593 Serenissimum
535 528 667 608 Regem,
702 527 788 590 ultra
813 527 916 591 dictos
941 527 1077 594 ducatos
1104 531 1140 594 X
1166 532 1256 595 mille

1 638 3 700 ζ
128 655 185 698 nos
200 635 355 700 missuros
372 655 440 698 esse
457 634 592 730 ducatos
609 632 701 698 VIII
716 632 838 712 millia;
862 637 910 698 ita
935 636 1064 700 mittere
1090 638 1254 720 quampri-

127 763 217 828 mum
242 741 440 806 intendimus
465 739 569 822 Regio
594 740 765 824 Majestati
783 739 848 806 Suc
866 741 1001 808 ducatos
1017 741 1054 806 X
1069 742 1182 825 millia,
1207 744 1255 808 ita

127 856 202 912 uta
218 845 312 913 nobis
328 848 469 930 accipiat
490 839 629 912 ducatos*
641 847 715 911 XX
731 847 842 911 millia
867 847 914 913 Et
935 850 991 931 ita,
1018 850 1257 932 quamprimum
1276 893 1279 900 =

126 955 310 1024 Serenitati
335 953 401 1019 Sue
425 952 547 1018 referes
571 955 676 1019 nostri
700 961 803 1037 parte,
838 975 936 1037 quam
962 957 1061 1021 etiam
1086 957 1256 1034 advisabis,

129 1059 217 1143 quod
249 1055 367 1124 Sumus
399 1059 553 1124 Pontifex
585 1062 667 1124 sicut
708 1058 888 1123 novissimis
923 1061 1043 1126 litteris
1076 1059 1249 1145 Secretarij

122 1169 228 1234 nostri
245 1169 334 1252 apud
351 1188 423 1231 eum
439 1167 607 1232 existentis
623 1168 813 1248 accepimus
830 1165 1023 1232 deliberavit
1033 1190 1093 1250 pro
1104 1173 1253 1253 portione

1 1349 2 1354 ἵ
124 1282 183 1341 sua
201 1277 326 1341 solvere
341 1277 466 1358 equites
482 1275 571 1340 mille
592 1275 697 1340 eidem
718 1274 930 1342 Serenissimo
947 1276 1039 1359 Regi,
1056 1285 1089 1342 et
1115 1280 1161 1344 ita
1187 1301 1253 1343 res·

122 1385 238 1466 pondit
254 1385 369 1448 ultimo
387 1384 522 1451 Oratori
538 1383 729 1466 Majestatis
745 1383 818 1464 Sue,
845 1385 901 1466 qui
917 1383 985 1448 illic
1012 1386 1082 1465 fuit,
1107 1391 1140 1449 et
1165 1405 1250 1449 nnnc

1 1582 2 1586 Ἰ
123 1493 290 1574 adipsum
304 1491 431 1572 Regem
446 1511 651 1572 regressurus
667 1496 724 1555 est.
741 1489 766 1556 J
767 1494 912 1574 ussitque
930 1489 1081 1556 Summus
1097 1491 1250 1557 Pontifex

123 1598 213 1680 quod
229 1598 279 1662 illi
295 1596 367 1666 VII
383 1598 486 1662 millia
503 1598 623 1678 ducati,
649 1599 704 1680 qui
730 1599 813 1663 siout
837 1605 874 1662 tu
900 1599 1000 1664 etiam
1026 1599 1151 1681 scribis,
1177 1607 1253 1662 sunt

1 1685 2 1740 3
121 1707 210 1788 apud
245 1705 563 1770 Reverendissimum
598 1704 808 1771 Cardinalem
834 1705 1101 1788 strigoniensem,
1133 1707 1167 1771 in
1192 1706 1254 1770 hoo

1 1861 2 1910 ,
121 1813 266 1878 subsidio
306 1812 523 1892 conferantur,
548 1811 803 1895 deliberavitque
829 1813 1089 1896 supplementum
1116 1813 1252 1898 subsidij

1 1945 2 2006 2
120 1921 262 2001 predicti
278 1919 442 1985 Sanctitas
457 1919 524 1985 Sua
540 1921 778 2002 quamprimum
793 1921 958 1984 remittere
979 1920 1021 1984 ad
1039 1925 1149 2004 partes
1166 1921 1254 2003 illas,

122 2049 245 2110 nosque
282 2028 352 2110 jam
392 2028 578 2109 scripsimus
619 2034 652 2090 et
693 2026 780 2110 apud
819 2025 857 2089 Β.
891 2025 992 2091 Suam
1032 2028 1252 2092 omnimodam

122 2155 258 2216 operam
289 2133 411 2215 damus,
442 2132 530 2216 quod
561 2131 677 2196 saltem
707 2133 858 2196 remittat
888 2133 970 2196 alios
996 2129 1056 2198 VI.
1084 2134 1171 2198 mille
1196 2133 1252 2197 du·

1 2315 2 2322 ,
122 2248 225 2306 catos.
260 2239 307 2304 Et
341 2239 471 2306 demum
497 2238 676 2304 certificare
708 2240 829 2322 poteris
854 2239 994 2320 Regiam
1027 2238 1248 2322 Majestatem,

1 2359 3 2450 ζ
123 2346 212 2430 quod
238 2347 322 2411 nihil
349 2351 505 2430 exparte
530 2352 642 2409 nostra
668 2346 819 2410 omissuri
843 2364 963 2426 sumus,
1000 2352 1037 2409 ut
1062 2347 1157 2411 rebus
1184 2351 1250 2411 suis

1 2459 2 2526 l
121 2477 180 2538 per
196 2474 310 2519 omnes
326 2452 439 2518 modos
454 2453 562 2518 favere
588 2452 756 2535 possimus.
784 2450 936 2515 Prefatos
961 2459 1070 2516 autern
1095 2453 1133 2516 X
1157 2455 1246 2518 mille

1 2602 2 2630 l
120 2560 260 2628 ducatos
284 2563 459 2641 mittemus,
476 2583 540 2644 qno
557 2561 694 2625 celerius
710 2561 898 2642 poterimus,
924 2559 973 2624 vel
998 2582 1056 2642 per
1082 2561 1246 2645 prefatum

124 2668 301 2735 Oratorem
328 2691 430 2749 suum,
448 2692 543 2752 quem
560 2672 644 2733 inter
660 2669 719 2734 hos
736 2668 804 2732 dies
820 2668 873 2731 hic
893 2677 1110 2753 expectamus,
1127 2672 1177 2745 vel
1194 2693 1252 2754 per

123 2778 226 2841 alium
241 2776 381 2855 modum,
399 2798 493 2859 quem
510 2775 696 2840 celeriorem
712 2795 781 2838 esse
798 2773 994 2857 putabimus.

206 2883 418 2971 ·Adjunctas
448 2883 569 2947 litteris
586 2883 659 2960 tuis,
691 2883 871 2964 accepimus
896 2882 1023 2946 litteras
1047 2883 1150 2966 Regis
1176 2883 1249 2950 Ma·

117 2991 251 3072 jestatis
269 2991 442 3055 directivas
457 2990 562 3072 primo
579 2987 712 3054 Oratori
729 2988 805 3070 Suo,
833 2988 889 3071 qui
906 2989 1023 3053 missus
1038 2989 1100 3054 fuit
1125 2989 1169 3054 ad
1190 3013 1245 3073 po·

118 3103 267 3162 tentatus
293 3096 401 3178 italie,
426 3117 564 3178 quarum
589 3095 774 3160 litterarum
810 3095 999 3178 exemplum,
1026 3095 1174 3162 habitum
1205 3101 1247 3163 ab

120 3207 192 3288 ipso
210 3205 426 3271 serenissimo
443 3203 544 3286 Rege,
561 3204 718 3268 etiamad
743 3225 801 3268 nos
827 3205 955 3285 misisti,
982 3195 1065 3270 siout
1091 3208 1161 3289 ipse
1186 3209 1254 3272 tibi

2 3333 6 3396 r,
117 3312 223 3393 jussit.
240 3311 309 3377 Pro
335 3334 400 3394 qua
419 3311 549 3395 quidem
564 3334 608 3393 re,
625 3319 657 3375 et
672 3333 731 3394 pro
748 3311 853 3376 multa
869 3311 1073 3376 humanitate
1090 3321 1122 3376 et
1153 3312 1249 3380 affec-

2 3445 6 3526 p
118 3423 215 3502 tione,
233 3441 299 3502 qua
316 3422 349 3484 in
364 3421 461 3486 rebus
488 3421 637 3486 omnibus
663 3421 831 3486 nobiscum
857 3421 960 3484 utitur
986 3421 1055 3504 ejus
1079 3421 1250 3508 Majestas,

3 3575 8 3610 ,
119 3529 278 3611 volumus,
304 3528 391 3611 quod
417 3528 479 3594 sibi
503 3529 631 3593 nomine
658 3533 770 3592 nostro
795 3527 919 3610 gratias
944 3528 1092 3610 ingentes
1118 3528 1251 3609 habeas,

118 3637 324 3718 maximeque
340 3638 374 3702 in
392 3658 430 3702 ea
446 3643 548 3718 parte,
573 3657 632 3718 per
658 3635 896 3733 quamlscribis
922 3656 993 3700 eam
1019 3657 1077 3718 per
1102 3635 1251 3700 cedulam

3 3753 5 3774 ‘
122 3743 287 3824 quandam
311 3744 344 3807 in
370 3743 467 3810 dictis
492 3744 613 3807 litteris
651 3744 816 3823 insertam,
842 3743 998 3808 mandare
1022 3739 1156 3807 Oratori
1182 3766 1248 3834 sue,

121 3851 208 3932 quod
224 3858 294 3914 lam
309 3850 344 3913 in
359 3835 547 3931 differend0,
572 3871 671 3931 quam
690 3850 724 3912 in
750 3848 913 3914 reddendo
940 3849 982 3914 ad
999 3849 1250 3914 serenissimum

118 3957 244 4040 Regem
262 3955 391 4022 Orator
402 3957 471 4038 ipse
488 3957 580 4038 sequi
597 3957 715 4020 debeat
730 3964 877 4020 nostram
894 3957 1086 4038 opinionem,
1106 3978 1169 4038 que
1195 3965 1245 4021 est

123 4065 220 4129 solita
236 4062 410 4128 affectione
435 4071 549 4128 nostra
573 4062 746 4144 loquendo,
772 4062 858 4144 quod
884 4063 953 4146 ipse
979 4063 1104 4144 primus
1125 4059 1251 4127 Orator

119 4171 159 4236 ud
183 4172 248 4236 huc
275 4169 405 4235 differat
430 4170 519 4254 apud
544 4171 576 4236 S.
596 4170 799 4250 Pontificem,
823 4176 860 4233 ut
883 4191 948 4234 una
967 4192 1038 4234 enm
1054 4169 1239 4236 Secretario
1311 4223 1316 4230 „

4 4307 6 4325 >
119 4285 229 4344 nostro
247 4279 390 4343 solicitet
407 4298 600 4361 quecunque
616 4280 759 4360 gerenda
775 4285 857 4343 sunt.

227 4386 380 4451 Misimus
397 4387 510 4469 itaque
527 4387 659 4451 litteras
677 4387 820 4470 prefatas
835 4387 944 4469 regias
970 4385 1012 4450 ad
1037 4405 1151 4450 manus
1176 4384 1250 4451 Sec

122 4493 232 4577 retarij
250 4494 356 4557 nostri
372 4493 521 4576 predicti,
548 4515 619 4557 oum
638 4494 759 4573 ordine,
786 4495 873 4576 quod
901 4494 976 4558 illas
1002 4492 1119 4557 reddat
1145 4492 1249 4558 eidem

165 4629 232 4664 uon.
249 4627 331 4664 nuno.
348 4627 416 4662 msr.
433 4637 475 4646 -
493 4629 563 4663 nxrn
580 4630 637 4663 nrm.
655 4629 691 4664 iv.
1111 4624 1139 4670 ll
