3268 5308
671 441 765 508 1462.
1220 441 1284 510 163

149 619 373 686 affirmaretur
389 621 628 704 Imperatorem
646 622 829 711 Turcorum
845 645 982 707 magnas
999 647 1133 708 parasse
1158 628 1229 711 copi
1237 646 1282 706 as,

149 735 186 792 ut
203 727 357 810 Regnum
375 727 556 811 Hungarie,
583 737 641 797 aut
656 731 795 796 finitima
811 733 840 796 ei
857 729 1120 798 Christianorum
1145 735 1218 800 loca
1234 736 1282 800 in·

152 835 306 901 vaderet:
331 835 500 919 Rex-ipse,
516 843 552 900 ut
569 857 644 902 suos
660 844 826 904 tutaretur
842 839 929 921 fines,
955 862 1082 906 omnem
1100 863 1211 907 curam
1227 842 1282 909 ad·

151 943 260 1008 hibuit
286 949 318 1006 et
343 943 452 1025 copias
477 943 626 1023 militum,
654 967 750 1026 queam
776 948 915 1030 majores
932 949 1046 1029 potuit,
1073 949 1211 1031 paravit.
1237 949 1283 1012 Et

150 1051 308 1132 quoniam
324 1072 378 1115 eas
395 1072 459 1115 non
477 1053 556 1114 satis
573 1052 613 1114 ad
632 1054 805 1117 arcendam
821 1051 962 1119 hostium
979 1056 1043 1118 vim
1063 1076 1132 1121 esse
1148 1057 1283 1137 putavit,

150 1159 314 1222 convertit
330 1178 364 1221 se
381 1157 423 1220 ad
439 1157 505 1222 alia
521 1159 643 1222 auxilia
660 1159 866 1241 exquirenda.
885 1159 1059 1227 Oratorem
1070 1163 1172 1243 igitur
1188 1185 1280 1227 suum

150 1265 194 1330 ad
209 1286 269 1330 nos
284 1265 380 1344 misit,
397 1285 489 1347 opem
514 1265 702 1349 implorans,
728 1269 779 1330 cui
804 1289 863 1331 nos
888 1274 1011 1332 certam
1037 1270 1172 1351 pecunie
1197 1290 1281 1333 sum-

151 1393 240 1436 mam
256 1371 394 1454 polliciti
411 1393 519 1438 sumus
535 1380 568 1436 et
585 1374 710 1455 petenti
725 1375 874 1438 nuntium
894 1369 1110 1440 concessimus
1126 1381 1281 1454 nostrum,

153 1479 243 1562 quod
260 1501 324 1543 una
342 1499 450 1542 secum
465 1485 577 1543 nostro
594 1482 693 1544 etiam
719 1483 848 1544 nomine
865 1481 1026 1564 principes
1053 1489 1085 1546 et
1110 1483 1284 1546 communi·

151 1593 241 1650 tates
256 1585 364 1665 Italic,
381 1592 417 1651 ut
434 1607 529 1668 opem
544 1587 660 1667 ferant,
680 1587 876 1667 hortaretur,
902 1607 983 1670 quos
1010 1590 1051 1652 ad
1077 1589 1282 1654 nobilitatem

150 1701 242 1758 tuam
258 1695 327 1777 jam
353 1694 538 1776 pervenisse
563 1695 734 1761 credimus
760 1695 874 1778 Nuper
898 1716 974 1759 vero
1001 1718 1074 1759 oum
1098 1717 1150 1760 res
1175 1698 1281 1779 magis

153 1801 296 1866 terreret
312 1808 346 1864 et
361 1802 532 1865 imminens
548 1804 596 1865 rei
613 1803 784 1866 discrimen
804 1824 963 1886 apparere
989 1803 1160 1882 videretur,
1185 1804 1285 1869 alium

151 1909 228 1972 Rex
244 1905 419 1973 Oratorem
435 1909 476 1974 ad
492 1930 550 1974 nos
567 1911 663 1990 misit,
680 1913 784 1975 virum
799 1912 909 1993 magni
928 1910 1025 1993 pretii
1041 1917 1073 1974 et
1088 1913 1283 1994 experientie

155 2015 195 2080 de
212 2015 410 2100 primoribus
427 2016 543 2098 Regni,
560 2025 690 2099 petens:
718 2041 757 2082 ne
775 2017 981 2100 Hungariain
998 2019 1193 2098 deseramus,
1219 2019 1284 2084 val-

153 2123 221 2188 lum
238 2122 419 2188 Christiani
434 2125 554 2206 populi,
572 2146 636 2206 qua
653 2133 703 2189 est
728 2131 824 2206 porta
849 2124 892 2188 ad
916 2125 1115 2191 invadendas
1139 2122 1283 2190 fidelium

152 2231 312 2296 nationes.
328 2229 399 2295 Nos
415 2238 533 2309 autem,
550 2239 586 2295 ut
611 2231 817 2296 Excellentia
841 2239 900 2297 tua
924 2232 1026 2315 probe
1051 2235 1148 2310 novit,
1173 2231 1283 2296 multis

152 2360 193 2404 ac
211 2339 337 2422 magnis
354 2338 395 2403 ob
411 2339 547 2402 tutelam
574 2339 787 2422 Neapolitani
811 2341 920 2422 Regni
946 2341 1100 2422 expensis,
1125 2359 1205 2422 quas
1230 2338 1284 2400 vix

152 2444 238 2510 ferre
255 2467 434 2528 possumne,
450 2447 598 2530 impliciti
616 2469 742 2530 sumus,
769 2448 1011 2512 considerantes
1037 2451 1156 2525 tamen,
1183 2466 1283 2527 quan·

153 2560 223 2618 tum
240 2553 429 2618 detrimenti
455 2551 646 2620 Christiana
671 2555 855 2638 respublica
879 2560 1057 2636 pateretur,
1082 2553 1137 2618 ubi
1154 2551 1281 2617 'Porcus

153 2664 187 2725 in
204 2661 412 2743 Hungariam
429 2663 633 2744 irrumperet,
650 2663 830 2743 statuimus,
847 2660 996 2726 utmille
1022 2662 1146 2744 equites
1171 2665 1284 2724 nostra

153 2769 301 2852 impensa
317 2769 351 2832 in
368 2768 543 2850 Hungaria
559 2769 790 2834 conducantur.
807 2769 853 2832 Et
868 2771 915 2832 ita
932 2766 1119 2832 mandatum
1135 2767 1283 2831 dedimus
1350 2841 1352 2847 Ι

153 2884 186 2942 et
203 2879 384 2961 pecuniam,
393 2899 493 2962 quam
508 2899 567 2960 pro
583 2877 691 2959 Regni
706 2878 793 2940 illius
804 2877 908 2941 tutela
919 2884 952 2940 et
962 2876 1114 2954 hostium,
1125 2877 1180 2940 ubi
1193 2887 1286 2958 opor·

154 2991 270 3049 tunum
286 2984 372 3067 Regi
397 2984 554 3066 videatur,
579 2985 743 3048 invasione
770 2985 1004 3048 constituimus.
1031 2981 1202 3049 Voluimus
1227 2981 1286 3045 hec

153 3097 209 3156 tue
223 3091 390 3156 nobilitati
406 3095 484 3156 nota
500 3113 579 3172 esse,
595 3114 691 3174 quam
705 3077 806 3156 vetiarn
832 3093 1009 3172 hortamur,
1026 3098 1062 3155 ut
1078 3113 1138 3173 pro
1164 3089 1286 3155 tuenda

157 3196 281 3262 Christi
298 3197 362 3262 fide
378 3199 512 3263 consilio
529 3204 562 3262 et
578 3220 648 3279 ope,
673 3198 730 3262 ubi
747 3203 848 3281 potes,
874 3217 939 3262 non
964 3196 1104 3262 deficias.
1130 3197 1184 3262 Ita
1200 3198 1286 3260 enim

155 3305 226 3370 Deo
242 3327 310 3370 rem
326 3311 454 3387 gratam
470 3304 589 3370 efficies
606 3312 640 3369 et
656 3306 742 3387 apud
759 3305 906 3369 homines
923 3305 1063 3388 gloriam
1079 3286 1286 3369 inmortalem

157 3411 374 3494 consequeris.
390 3410 516 3476 Datum
531 3412 565 3475 in
582 3411 731 3476 Abbatia
748 3410 861 3476 Sancti
878 3409 1062 3476 Salvatoris
1089 3409 1288 3476 Olusinensis

157 3517 326 3584 Dioecesis
339 3517 398 3583 sub
408 3519 529 3583 annulo
539 3518 721 3601 piscatoris,
732 3515 1289 3602 dieXVIII.JulijMOOOOLXII,

158 3625 373 3696 Pontificatus
390 3627 494 3692 nostri
510 3647 596 3691 anno
611 3625 729 3692 IHI·0.

893 3713 933 3779 G.
950 3715 990 3780 de
1007 3713 1244 3778 Piccolominis.

265 3822 397 3890 Dilecto
423 3825 490 3890 filio
517 3822 632 3890 Nobili
648 3825 732 3896 Viro
759 3825 935 3890 Francisco
963 3821 1097 3904 Sfortie,
1121 3820 1207 3888 Duci
1222 3820 1292 3886 Me·

160 3932 292 3999 diolani.

268 4057 397 4119 (Milanbi
411 4059 496 4108 allam
510 4059 586 4118 lter.)
