3256 5304
387 359 450 424 210
743 369 978 423 111101111111
995 355 1162 422 1111111111.
1230 383 1233 390 ·

389 556 462 600 1111
479 535 692 602 Serenissimo
708 537 793 617 Regi
808 537 902 620 juxta
918 539 1162 620 requisitionem
1180 537 1358 603 Oratorum
1378 554 1518 617 snorum,

388 643 573 709 devenimus
590 644 632 709 ad
649 650 797 728 apertum
813 645 935 709 bellum
953 668 1024 710 cum
1044 647 1136 710 hoste
1153 647 1232 728 ipsc,
1250 647 1461 728 misimusque
1486 646 1518 708 in

390 749 571 817 Amoream
587 751 625 817 de
642 753 793 835 gentibus
809 754 930 818 nostris
956 754 1083 819 Italicis
1111 753 1316 836 equestribus
1342 759 1375 818 11
1406 755 1518 836 pedes·
1604 760 1607 775 ”

387 860 494 924 tribus
520 861 555 924 in
581 861 666 925 bono
692 882 825 925 numero
852 883 924 925 cum
949 862 1076 926 vexillis
1101 863 1222 926 nostris
1240 860 1282 926 ad
1297 861 1518 926 inferrendum

388 967 510 1032 bellum
535 968 634 1050 hosti,
660 969 810 1034 auximus
835 989 965 1053 quoque
989 971 1072 1036 vires
1098 970 1279 1035 maritimas
1304 975 1421 1034 contra
1437 991 1518 1050 eum,

388 1097 468 1160 quas
487 1076 618 1158 quidem
636 1077 720 1141 vires
737 1078 890 1142 continue
906 1083 973 1142 tam
989 1080 1083 1155 mari,
1100 1099 1198 1162 quam
1213 1083 1303 1143 terra
1319 1098 1440 1160 augere
1456 1098 1518 1142 non

389 1188 591 1268 cessavimus,
617 1209 676 1252 nec
691 1208 863 1270 cessamus,
888 1193 925 1252 ut
941 1187 1022 1252 nihil
1037 1189 1317 1272 pretermittamus
1334 1187 1368 1251 in
1389 1207 1517 1269 oppres·

388 1299 511 1360 sionem
528 1295 641 1372 hostis,
658 1295 880 1359 existimantes
897 1317 936 1360 11
952 1302 1101 1361 tenentes
1117 1297 1150 1360 in
1177 1296 1240 1360 hoc
1264 1295 1442 1378 plurimum
1469 1314 1516 1358 sa·

386 1400 539 1466 tisiacere
556 1400 662 1483 Regie
678 1400 859 1484 Majestati‚
874 1401 1019 1485 istosque
1044 1423 1115 1467 esse
1142 1402 1282 1485 majores
1308 1401 1446 1484 favores,
1463 1401 1516 1484 qui

389 1530 445 1572 sue
462 1506 638 1573 Serenitati
656 1528 676 1571 a
692 1505 786 1572 nobis
806 1508 950 1573 exhiberi
975 1510 1119 1592 possint;
1146 1509 1242 1573 sicuti
1268 1510 1367 1573 etiam
1401 1509 1517 1572 seriose

388 1617 528 1680 diximus
559 1614 600 1680 R.
627 1613 771 1681 Domino
800 1617 966 1700 Episcopo
993 1617 1214 1682 Modrusiensi
1240 1617 1357 1682 ultimo
1385 1616 1517 1682 Oratori

389 1723 577 1808 Majestatis
595 1746 650 1789 sue
668 1724 710 1790 ad
727 1747 786 1790 nos
802 1728 910 1808 misso,
931 1726 986 1807 qui
1002 1727 1090 1790 visus
1107 1732 1157 1790 est
1182 1726 1386 1808 acquiescere
1412 1724 1516 1790 verbis
1610 1755 1612 1794 1

388 1833 519 1896 nostris.
536 1831 601 1898 Sed
619 1833 670 1898 his
686 1853 750 1898 uon
768 1834 923 1913 contenti,
939 1833 1026 1898 omni
1053 1832 1161 1897 studio
1186 1837 1299 1897 nostro
1325 1834 1515 1909 curavimus

389 1945 422 2004 11
438 1960 588 2004 curamus
606 1939 693 2023 apud
710 1939 896 2004 Romanum
911 1939 1113 2020 Pontificem,
1133 1941 1333 2021 maximeque
1360 1946 1437 2022 post
1463 1939 1516 2002 ini·
1611 1931 1612 1978 ⁷

389 2054 459 2111 tum
474 2047 569 2112 fedus
585 2049 670 2114 inter
695 2049 941 2114 Beatitudinem
967 2047 1076 2131 Suam,
1102 2049 1155 2114 Ill.
1181 2047 1362 2114 Dominum
1394 2049 1515 2114 Ducem
1610 2075 1612 2130 1

389 2156 585 2240 Burgundie
602 2165 634 2222 11
649 2179 717 2239 nos,
734 2163 771 2222 ut
788 2158 918 2223 omnino
935 2157 1151 2223 exhibeantur
1166 2157 1294 2222 favores
1304 2159 1513 2240 pecuniarum
1610 2169 1612 2218 1

389 2262 493 2348 Regie
518 2265 700 2351 Majestati,
726 2289 798 2332 eum
823 2268 939 2350 quibus
964 2273 996 2330 et
1023 2265 1098 2351 alijs
1123 2266 1247 2331 viribus
1273 2267 1341 2330 suis
1367 2271 1513 2348 potenter

390 2382 505 2440 contra
540 2395 741 2440 communem
775 2375 901 2438 hostem
927 2375 1104 2456 procedere
1135 2374 1256 2457 possit3
1297 2379 1515 2456 testamurque

390 2479 506 2565 Deum,
524 2483 611 2564 quod
627 2483 661 2546 in
678 2484 738 2547 hoc
754 2483 925 2566 presertim
942 2504 1035 2547 curas
1056 2489 1089 2547 et
1115 2483 1225 2548 studia
1251 2488 1365 2546 nostra
1392 2502 1515 2546 conver·
1610 2565 1612 2578 1

389 2591 497 2671 timus,
514 2611 743 2673 speramusque
760 2596 792 2654 et
816 2611 876 2675 pro
902 2596 992 2656 certo
1017 2595 1164 2655 tenemus
1189 2572 1290 2655 talem
1317 2610 1449 2673 operam
1465 2588 1515 2654 ad·
1610 2585 1612 2638 l

390 2697 564 2779 bibituros,
590 2698 676 2780 quod
710 2719 782 2762 cum
808 2697 928 2763 effectu
953 2698 1019 2778 fiet,
1046 2705 1204 2781 quantum
1230 2699 1442 2788 prediximus,
1463 2698 1513 2776 ita,

383 2803 637 2890 ,quodSummus
644 2804 804 2886 Pontifex,
810 2805 1086 2890 DuxBurgundie
1098 2813 1130 2871 et
1140 2828 1197 2871 nos
1207 2806 1422 2890 personaliter
1428 2805 1516 2888 juxta
1610 2805 1612 2898 1

391 2921 556 2996 conventa,
582 2937 640 2997 per
667 2913 750 2978 riam
775 2896 882 2978 maris
899 2915 977 2980 totis
1004 2916 1173 2980 conatibus
1209 2897 1277 2980 tam
1302 2913 1516 2994 terrestribus,

391 3045 486 3104 quam
504 3023 678 3086 maritimis
694 3021 787 3086 Duce
798 3020 1033 3106 De0,temp0re
1050 3045 1131 3088 novo
1148 3022 1392 3106 proficiscemur
1408 3021 1515 3086 adrer-
1611 3033 1612 3038 ’

392 3153 445 3195 sus
470 3129 738 3194 immanissimum
754 3132 899 3214 hostem;
931 3152 989 3214 per
1015 3131 1101 3196 viam
1134 3153 1207 3196 vero
1233 3137 1422 3196 terrestrem
1452 3127 1515 3194 Sua
1611 3157 1612 3164 ,

395 3237 557 3305 Serenitas
575 3261 646 3303 cum
662 3238 827 3305 favoribus
854 3239 1038 3321 antedictis,
1063 3239 1191 3306 favente
1207 3239 1290 3321 Deo,
1314 3239 1514 3322 magnanime

390 3346 544 3430 procedet
575 3348 617 3411 ad
648 3348 874 3412 exterminium
908 3348 1004 3431 hujus
1035 3348 1148 3413 hostis.
1180 3349 1332 3414 Misimus
1364 3345 1514 3413 Oratores
1611 3383 1612 3424 3

391 3461 520 3519 nostros
537 3455 640 3519 solum
657 3453 698 3519 ob
715 3455 749 3518 id
765 3457 807 3520 ad
825 3455 1075 3521 Serenissimum
1093 3455 1219 3539 Regem
1236 3456 1459 3520 Franchorum
1483 3457 1513 3516 et

391 3564 433 3628 ad
450 3561 615 3645 prefatum
632 3562 757 3628 Ducem
775 3563 974 3646 Burgundio,
1000 3563 1177 3647 damusque
1203 3565 1423 3629 omnimodam
1447 3581 1514 3644 ope·
1610 3591 1612 3646 3

390 3692 469 3755 ram,
486 3671 572 3754 quod
588 3676 655 3736 tarn
677 3693 735 3754 per
761 3671 902 3736 medium
920 3669 1098 3736 Oratorum
1123 3672 1358 3736 mittendorum
1384 3669 1514 3736 1111111-
1611 3661 1612 3664 '

390 3783 541 3863 maniam,
558 3803 655 3864 quam
673 3783 768 3846 aliter
789 3780 1006 3846 exhibeantur
1033 3781 1161 3852 favores
1187 3779 1360 3865 Majestati
1387 3779 1514 3858 Hunga·
1611 3811 1612 3814 ¹

390 3889 447 3970 rie,
470 3889 635 3974 studemus
652 3911 779 3972 quoque
796 3910 916 3972 augere
940 3889 1025 3954 vires
1051 3896 1180 3954 nostras
1206 3890 1354 3970 gentium
1380 3895 1412 3953 et
1434 3885 1515 3969 pedi·

390 4004 458 4063 tum
475 3999 660 4062 italicorum
686 3999 720 4060 in
738 3997 887 4080 partibus
913 3995 1056 4064 Albanie
1082 4004 1115 4062 et
1140 3997 1317 4062 fortificare
1342 3997 1511 4061 Dominum
1611 3981 1612 3984 ¹

391 4103 665 4188 Scanderbegum,
682 4113 720 4171 ut
737 4127 775 4170 ex
792 4107 851 4170 illa
867 4111 961 4188 parte
976 4105 1103 4171 hostem
1129 4105 1297 4172 offendere
1322 4105 1432 4188 possit,
1456 4119 1512 4186 que

392 4215 499 4280 omnia
520 4215 591 4278 fieri
617 4237 682 4280 non
707 4215 834 4298 possint
858 4209 980 4298 absque
1006 4215 1204 4296 gravissimis
1231 4219 1263 4278 et
1278 4209 1511 4279 incredibilibus

392 4323 512 4388 nostris
529 4325 686 4406 expensis,
704 4323 944 4404 obtulimusque
962 4321 1200 4404 Scanderbego,
1225 4329 1262 4388 ut
1278 4319 1431 4387 libentius
1445 4335 1511 4402 pro·
1608 4393 1612 4402 ι

390 4432 493 4511 cedat,
520 4431 608 4512 quod
634 4431 788 4515 quicquid
815 4433 1003 4514 acquiretur
1028 4431 1061 4494 in
1077 4431 1142 4494 illis
1168 4431 1325 4514 partibus,
1352 4451 1441 4497 suum
1465 4425 1509 4488 sit.

389 4539 440 4606 De
457 4539 508 4601 his
525 4559 609 4618 1110,
635 4561 697 4618 que
722 4539 997 4618 deliberabuntur,
1022 4539 1054 4602 in
1083 4540 1238 4603 auxilium
1256 4540 1359 4620 ipsius
1376 4535 1508 4602 Serenia-
