3268 5308
353 333 432 406 ‘loo
719 351 954 398 nrruonnozrm
971 323 1141 394 aurdanu.

368 541 446 598 rem,
471 537 568 602 quem
596 513 658 578 sibi
676 514 829 596 gerimus,
846 512 885 576 de
902 511 973 594 ipso
990 511 1110 575 Banno
1126 513 1160 573 et
1177 506 1258 570 locis
1278 507 1343 570 suis
1359 526 1417 568 nos
1434 525 1499 568 non

293 647 297 658 ·
368 623 602 711 impedivimus
619 643 678 686 neo
695 620 841 686 volumus
857 618 1024 702 impedire,
1041 616 1097 680 scd
1115 615 1221 681 solum
1239 614 1278 678 de
1306 612 1429 679 duobus
1456 612 1502 675 lo-

369 736 424 814 cis,
440 731 591 797 videlicet
608 731 646 795 de
663 725 843 808 Ostroviza
860 748 922 808 que
940 732 977 790 ut
993 721 1200 790 notissimum
1216 727 1272 803 est,
1290 722 1373 787 alias
1390 725 1504 784 nostra

368 842 490 906 fuitei
516 840 550 903 in
576 858 616 929 ea
640 837 694 919 jus
720 836 851 919 plenum
878 833 999 898 habere
1026 831 1259 916 pretendimus‚
1281 836 1312 894 et
1329 828 1369 892 de
1387 827 1505 908 Olissa,

369 968 431 1031 que
457 945 520 1010 luit
545 945 578 1008 in
604 945 810 1027 protectione
836 946 950 1006 nostra
977 947 1010 1005 et
1025 939 1281 1005 recommendati
1295 937 1408 1016 nostri,
1425 935 1504 1000 dioi-

369 1075 450 1134 mus,
467 1051 554 1134 quod
569 1059 721 1135 rogamas
737 1052 956 1116 Exellentiam
973 1047 1087 1130 Suam,
1103 1055 1141 1113 ut
1156 1070 1217 1132 pro
1241 1049 1364 1113 honore
1389 1051 1502 1110 nostro
1552 1071 1556 1082 ·

370 1162 410 1226 de
427 1160 476 1224 his
492 1158 618 1224 duobus
634 1158 714 1224 locis
731 1179 764 1224 se
780 1157 938 1242 impedire
955 1177 1020 1221 non
1041 1157 1130 1235 velit,
1147 1156 1186 1220 de
1204 1155 1278 1238 alijs
1295 1175 1371 1220 vero
1389 1153 1501 1236 faciat,

371 1274 408 1333 ut
425 1268 455 1331 ei
470 1266 561 1330 libet.

479 1371 637 1436 Preterea
651 1371 747 1454 juxta
757 1370 1006 1453 requisitionem
1018 1369 1163 1452 ejusdem
1175 1366 1381 1434 Serenissimi
1402 1367 1506 1449 Regis

372 1502 482 1546 sumus
508 1481 591 1547 bene
618 1480 760 1546 contenti
777 1499 836 1561 per
862 1477 993 1543 litteras
1019 1483 1149 1544 nostras
1177 1479 1318 1543 scribere
1347 1483 1380 1541 et
1407 1497 1507 1560 agero

373 1589 500 1672 gratias
516 1585 746 1652 Illustrissimo
762 1586 848 1652 Duci
866 1583 1003 1651 Stefano
1021 1607 1080 1668 pro
1098 1606 1180 1667 pace
1196 1586 1280 1650 inita
1296 1606 1368 1648 curn
1384 1584 1509 1666 Majes-

372 1701 440 1759 tate
465 1694 567 1775 Regis
594 1694 748 1776 ejusdem,
772 1694 963 1776 hortarique
989 1714 1061 1757 eum
1088 1692 1262 1758 affectuose
1288 1693 1331 1757 ad
1356 1713 1508 1774 perseve-

373 1801 513 1867 randum
533 1807 567 1866 et
586 1808 644 1866 eet.
671 1801 759 1868 Nam
774 1801 921 1884 profecto
941 1821 1000 1884 pro
1016 1821 1136 1883 magna
1155 1799 1375 1864 benivolentia
1393 1806 1507 1864 nostra

372 1909 407 1973 in
433 1909 545 1974 ambos
570 1910 658 1992 ipsos
683 1911 841 1975 Dominos
867 1909 1075 1974 concordiam
1091 1928 1181 1974 suam
1207 1909 1428 1991 gratissimam
1450 1908 1507 1971 ha-

373 2016 512 2096 buimus,
543 2016 739 2098 quandoque
767 2015 985 2081 sentiebamus
1011 2016 1208 2100 oppositum,
1233 2015 1267 2080 id
1294 2017 1416 2098 quippe
1442 2038 1507 2081 mo-

373 2123 588 2191 lestissimam
599 2124 692 2188 nobis
709 2124 780 2205 erit,
791 2131 824 2189 et
840 2124 881 2189 ob
897 2125 931 2188 id
947 2124 1052 2189 solum
1067 2130 1144 2189 ante
1161 2125 1246 2189 hane
1263 2145 1374 2189 eorum
1390 2145 1506 2207 pacem

377 2231 594 2297 certificemus
619 2229 839 2296 Serenitatem
858 2230 969 2312 Suam,
986 2232 1074 2314 qued
1092 2233 1292 2316 elegeramus
1309 2233 1506 2316 legationem

374 2346 521 2405 nostram
553 2341 746 2406 mittendam
772 2340 815 2404 ad
842 2341 928 2422 ipsos
954 2339 1121 2422 Dominos,
1146 2347 1183 2405 ut
1209 2363 1248 2406 ex
1265 2341 1371 2406 latere
1388 2348 1503 2406 nostro

375 2446 456 2511 nihil
471 2449 782 2530 pretermitteremus
799 2469 858 2532 pre
874 2470 953 2532 pace
969 2447 1129 2531 predicta.

482 2553 607 2618 Ultimo
625 2557 694 2620 loco
710 2556 857 2639 dicimus,
874 2556 961 2639 quod
987 2556 1026 2620 de
1052 2556 1274 2639 assumptione
1301 2563 1334 2621 et
1359 2554 1506 2629 Corona·

374 2660 463 2726 tione
488 2661 611 2745 prefati
632 2661 839 2729 Serenissimi
864 2665 965 2749 Regis
990 2665 1128 2748 pacifica
1145 2665 1337 2748 comunique
1365 2667 1506 2730 omnium

375 2768 544 2834 Beronum
569 2777 602 2836 et
619 2771 759 2837 aliorum
785 2793 943 2838 consensu
959 2771 1058 2853 facta,
1084 2779 1211 2838 tantum
1239 2774 1508 2856 congratulamur

376 2899 448 2942 cum
474 2874 677 2947 Oelsitudine
712 2879 789 2963 Sua,
816 2887 974 2963 quantum
1005 2899 1174 2964 possumus
1201 2902 1261 2963 pro
1288 2881 1507 2946 sincerissima

377 2985 515 3050 caritate
532 2995 566 3052 et
582 3009 691 3056 amore
708 2993 832 3071 nostro,
857 2994 895 3052 ut
919 2987 1130 3072 Majestatem
1152 2987 1261 3067 Suam,
1287 2989 1379 3072 eujus
1408 2989 1508 3054 hono·

376 3111 454 3170 rem,
471 3094 720 3175 amplitudinem
738 3103 769 3161 et
786 3097 957 3162 commoda
982 3098 1091 3162 videre
1118 3118 1246 3179 semper
1273 3097 1508 3162 desideramus.

485 3198 528 3281 -1-
573 3205 639 3267 136
687 3239 730 3246 -—
778 3209 820 3266 28
868 3242 911 3252 -
961 3209 1010 3269 14.

485 3363 642 3423 (Velenezei
656 3364 836 3428 allamkdnyv
851 3370 891 3418 69.
907 3367 936 3427 l.)
