3256 5304
657 360 751 422 1464.
779 397 780 403 1
1208 369 1270 427 277

137 531 223 613 quod
241 534 318 614 quia
333 533 529 600 desiderium
544 542 691 600 nostrum
707 543 766 617 est,
783 535 816 599 in
831 537 960 600 cunctis·
970 535 1177 620 possibilibus
1200 539 1266 606 Sue

137 640 315 707 Serenitati
340 641 547 708 satisfacere:
575 665 684 708 sumus
709 644 791 709 bene
816 646 961 710 contenti
986 645 1187 728 complacere
1204 649 1270 714 sibi

135 751 174 816 de
192 751 377 834 quantitate
393 751 487 815 istius
503 751 646 834 pulveris
656 752 752 836 juxta
767 753 1033 834 requisitionem;
1050 754 1187 836 ideoque
1205 756 1262 820 ad·

135 859 238 924 visats
254 880 313 925 nos
332 859 471 944 deloco,
487 859 530 924 ad
546 881 643 942 quern
659 859 790 925 missuri
807 882 915 926 sumus
932 862 1035 944 ipsum
1052 861 1219 944 pulverem
1235 870 1269 928 et

136 967 279 1048 quando,
296 968 457 1050 quomodo
473 967 565 1032 illum
581 969 823 1052 quamprimum
840 967 971 1033 mittere
987 970 1179 1035 curabimus.

246 1073 282 1139 si
293 1072 525 1139 Serenissimus
535 1075 609 1140 Rex
619 1096 683 1139 non
695 1081 932 1157 commemoret,
949 1097 1006 1141 seu
1022 1078 1267 1143 commemorari

135 1181 257 1247 faceret
273 1182 364 1248 vobis
380 1184 556 1266 quicquam
571 1183 610 1249 de
622 1182 818 1250 Oratoribus
828 1185 892 1249 suis
904 1183 1070 1249 mittendis
1080 1185 1114 1249 in
1124 1185 1268 1266 Italiam,

135 1297 168 1354 et
195 1291 237 1354 ad
262 1290 357 1355 Rom.
384 1290 578 1356 Pontificem
603 1313 642 1356 ex
668 1313 767 1358 causa
793 1292 827 1356 in
852 1291 955 1356 literis
971 1293 1087 1356 vestris
1103 1297 1268 1374 contenta,

134 1399 291 1481 volumus,
307 1398 395 1483 quod
410 1421 467 1466 vos
483 1402 582 1466 etiam
597 1401 680 1466 nihil
695 1401 785 1466 aliud
801 1401 841 1466 de
857 1423 892 1466 re
908 1399 971 1468 ista
988 1400 1104 1482 dicere,
1121 1406 1180 1465 aut
1194 1423 1268 1484 pro-

4 1549 6 1574 t
44 1527 50 1534 “
134 1531 263 1574 movere
290 1507 455 1588 debeatis3
481 1510 538 1574 sed
562 1510 589 1574 si
614 1509 699 1574 forte
725 1510 886 1575 diceretur
901 1509 992 1574 vobis
1009 1509 1201 1592 quicquam:
1226 1530 1264 1574 eo

134 1635 212 1682 casu
236 1617 432 1700 respondere
458 1619 617 1699 poteritis,
643 1619 729 1702 quod
746 1616 912 1686 serenitas
931 1615 999 1682 Sua
1023 1617 1193 1703 disponere
1209 1637 1264 1700 po·

134 1729 210 1805 test,
226 1723 310 1788 sicut
326 1722 389 1788 sibi
404 1724 545 1792 videtur.

244 1827 721 1912 Jfroe--o--u

243 2013 400 2074 (Velenozei
413 2013 593 2080 allamkbnyv
608 2020 648 2066 ll.
663 2017 692 2076 l.)

622 2251 782 2260 „-——-——-

139 2682 232 2743 1464.
260 2689 288 2743 A
309 2681 461 2744 celertczei
486 2681 697 2765 kbztdraasdp
721 2681 829 2765 pripai
844 2681 964 2744 bbcetc't
980 2704 1001 2742 o
1017 2678 1107 2743 toret
1124 2677 1267 2741 noscatu-

157 2787 295 2852 dc'seirb'l
312 2788 343 2850 c's
363 2787 620 2873 Magryororszdp
637 2788 834 2852 elleotdtlcisi
850 2785 1089 2873 pyenqesc'ycrb'i
1107 2784 1240 2850 crrenti.

135 2997 450 3076 MOOOOLXHH.
467 2999 518 3064 die
533 3001 637 3082 primo
654 2999 759 3083 Junij,

243 3106 303 3173 Ser
328 3105 494 3171 Ludovico
518 3106 705 3171 Fuscareno
730 3107 874 3189 Doctori,
905 3103 1038 3172 Oratori
1070 3109 1184 3170 nostro
1222 3104 1264 3169 ad

136 3215 222 3282 Sum.
239 3214 443 3280 Pontificem.

136 3317 308 3405 sapientes
325 3319 462 3404 0⁰¹¹Sflij
477 3328 511 3386 θῑ
567 3389 573 3404 .
591 3389 598 3404 .
615 3339 809 3404 ..Preterea
824 3337 951 3408 reddite
968 3344 1043 3404 sunt
1061 3338 1155 3405 nobis
1171 3339 1265 3404 litere

220 3454 235 3488 >›
328 3434 351 3493 i·
367 3428 388 3493 f·
566 3447 608 3512 ab
626 3446 765 3514 Oratore
782 3453 904 3528 nostro,
927 3449 983 3530 qui
1000 3453 1051 3512 est
1067 3446 1155 3531 apud
1171 3445 1265 3512 Sere·

135 3556 302 3620 nissimum
326 3556 451 3639 Regem
477 3556 649 3638 Hungarie
682 3555 746 3619 diei
772 3555 855 3619 XX.
882 3554 974 3639 Maijx
994 3576 1098 3639 nuper
1123 3555 1262 3638 decursi,

57 3671 60 3678 ’
134 3663 322 3729 nuntiantes
348 3663 452 3746 nobis,
478 3665 604 3748 Regem
628 3665 735 3747 ipsum
750 3683 808 3746 per
824 3661 966 3727 studium
983 3667 1016 3726 et
1033 3663 1199 3728 assiduam
1216 3662 1265 3726 in-

134 3773 287 3838 stantiam
310 3772 413 3856 ipsius
430 3769 581 3837 Oratoris
605 3792 732 3855 parare,
757 3777 788 3835 et
815 3770 986 3852 disponere
1003 3792 1037 3835 se
1054 3771 1096 3836 ad
1112 3771 1176 3835 iter
1192 3792 1265 3836 cum

133 3878 280 3944 omnibus
291 3879 442 3964 gentibus
452 3885 485 3945 et
495 3880 710 3962 viribus,quas
720 3878 841 3961 poterit
850 3877 1022 3957 cumulare,
1033 3883 1070 3941 ut
1080 3876 1181 3941 faciat
1191 3898 1265 3942 con·

132 3992 184 4052 tra
195 3988 347 4054 Turcum.
365 3987 452 4072 Alijs
468 3989 566 4054 etiam
580 3989 640 4072 vijs
653 3987 730 4052 facti
741 4006 848 4051 sumus
858 3985 1011 4050 certiores
1022 3983 1164 4051 Turnum
1176 3983 1264 4068 apud

135 4092 388 4178 Adrianopolim
413 4095 525 4162 conari
548 4095 657 4161 facere
684 4095 867 4174 exercitum,
895 4114 958 4175 quo
975 4091 1079 4173 magis
1095 4097 1262 4174 potentem

134 4203 245 4284 possit,
271 4223 368 4285 quem
389 4203 459 4285 jam
485 4204 594 4267 aviare
619 4207 749 4285 ceperat
765 4221 872 4264 versus
891 4197 1047 4282 Sophiam
1063 4220 1134 4263 cum
1150 4198 1262 4279 multis

136 4310 368 4375 munitionibus
394 4314 426 4374 et
452 4310 526 4393 alijs
552 4308 776 4393 apparatibus.
801 4309 845 4372 Et
870 4329 929 4391 per
944 4328 991 4387 ea,
1017 4326 1080 4389 que
1097 4306 1264 4390 habemus,

4 4493 5 4496 Ἴ
136 4423 288 4501 tenemus,
314 4415 401 4501 quod
426 4416 533 4482 Bassa
559 4439 635 4484 suus
660 4438 731 4481 cum
757 4415 903 4480 exercitu
917 4416 991 4497 ipso
1008 4419 1122 4480 contra
1136 4415 1264 4497 Regem

4 4597 6 4602 ,
138 4523 307 4610 Hungarie
328 4524 532 4614 profecturus
549 4525 601 4592 sit.
625 4525 698 4590 Hec
715 4525 824 4592 omnia
840 4546 879 4591 ex
895 4521 1001 4592 officio
1018 4528 1051 4589 et
1066 4522 1176 4590 debito
1192 4543 1264 4588 nos-
