3268 5308
615 353 708 424 1461.
1185 371 1226 434 97
1248 366 1251 371 ’

9 519 23 574 ἒ
102 530 358 596 illustrissimum
374 531 564 600 Dominium
581 537 761 618 predictum
779 540 819 605 dc
834 563 899 606 uno
917 563 955 606 ex
977 547 1093 610 castris
1111 549 1175 612 suis
1192 551 1226 613 in

9 727 10 730 Ἴ
102 639 150 702 his
175 639 321 720 partibus
347 641 517 722 providere
534 643 611 708 velit
628 642 694 710 Sue
713 645 891 730 Majestati,
917 671 955 713 ac
970 655 1154 733 provisione
1172 679 1225 738 pe-

9 761 10 830 j
99 747 240 812 euoiaria
265 749 516 814 condecentibus
543 752 612 834 ejus
630 750 840 819 Serenissime
857 756 1026 842 Majestati
1053 785 1112 844 pro
1140 785 1174 828 se
1191 770 1224 827 et

99 854 194 918 Curia
220 877 278 921 sua
303 878 413 939 usque,
444 879 508 940 quo
531 859 667 941 juvante
694 859 853 926 altissimo
880 870 911 928 et
936 864 1052 933 validis
1069 870 1220 950 operibus

97 961 342 1028 christianorum
359 965 401 1029 ad
418 966 488 1049 ejus
505 987 642 1048 regnum
659 972 692 1030 et
708 973 832 1033 statum
848 973 1080 1038 restitueretur.

198 1069 284 1134 Item
301 1072 383 1154 petit
394 1073 560 1154 predictus
572 1071 802 1140 Serenissimus
812 1075 971 1143 Dominus
982 1081 1064 1162 Rex,
1081 1084 1163 1148 sicut
1173 1105 1223 1148 sua

9 1247 11 1254 Ι
96 1177 275 1258 perioribus
291 1179 493 1261 temporibus
510 1181 637 1245 vivente
653 1181 756 1246 felicis
766 1185 1002 1251 reeordationis
1013 1189 1220 1255 Serenissimo

9 1281 11 1326 ἶ
94 1284 131 1349 D.
155 1285 247 1367 Rege
273 1285 400 1351 'Phoina
436 1288 506 1370 ejus
540 1294 634 1371 patre
660 1311 717 1373 per
742 1291 1005 1359 Illustrissimum
1030 1296 1220 1362 Dominium

91 1393 315 1474 jamdictum,
341 1416 527 1460 eoncessum
553 1403 585 1460 et
609 1399 801 1479 promissum
826 1399 900 1486 fuit,
929 1403 1016 1485 quod
1042 1428 1128 1486 casu,
1154 1428 1218 1490 quo

9 1531 10 1536 ¹
93 1498 157 1566 Sua
173 1499 343 1567 Serenitas
370 1502 569 1569 deliberaret
594 1505 627 1568 in
643 1505 798 1570 Bannatu
815 1507 949 1574 Oroatis
974 1532 1168 1595 recuperare
1186 1521 1218 1579 et

94 1607 234 1676 obtinere
263 1611 398 1693 aliquod
415 1595 559 1676 castrum
575 1614 625 1676 vel
640 1614 747 1679 locum
763 1617 850 1681 Bani
865 1617 973 1698 Pauli,
999 1620 1086 1701 quod
1103 1621 1138 1685 id
1155 1621 1216 1685 sibi

9 1797 10 1802 ἵ
91 1718 179 1799 plene
197 1718 310 1798 liceat,
327 1725 359 1782 et
377 1719 736 1800 quodIllustrissimum
746 1723 935 1788 Dominium
951 1726 1133 1807 predictum
1150 1750 1215 1792 non

91 1824 142 1888 det
165 1827 215 1890 vel
247 1825 319 1888 dari
335 1827 504 1908 permittat
520 1828 654 1908 aliquod
672 1829 851 1895 subsidium
868 1832 930 1914 ipsi
946 1833 1063 1897 Banno
1090 1833 1129 1897 de
1146 1835 1214 1899 bal-

90 1933 250 2016 listrarijS,
266 1933 508 2015 munitionibus,
525 1935 722 2000 victualibus
736 1941 769 2000 et
779 1937 861 2020 alijs,
879 1940 1028 2022 quodque
1040 1942 1067 2002 si
1077 1942 1110 2004 in
1120 1943 1215 2004 terris

9 2037 11 2128 l
90 2047 119 2105 et
143 2041 221 2106 loeis
249 2039 396 2123 ejusdem
421 2039 638 2104 Illustrissimi
663 2042 807 2124 Dominij
834 2042 984 2126 lugerent
1011 2046 1049 2109 de
1074 2046 1213 2111 subditis

9 2159 11 2218 ἕ
89 2150 226 2230 ejusdem
242 2149 361 2228 Banni,
377 2168 442 2211 non
458 2148 668 2230 recipiantur,
685 2154 893 2215 contentatur
909 2156 1019 2216 tamen
1034 2153 1061 2216 is
1074 2150 1215 2218 Serenis-

9 2241 10 2250 ἵ
88 2257 182 2322 simus
198 2255 362 2320 Dominus
379 2256 461 2336 Rex,
480 2255 567 2338 quod
584 2256 624 2320 de
642 2257 792 2321 omnibus
817 2257 897 2322 locis
924 2258 1080 2342 predictis
1106 2261 1215 2343 acqui-

9 2355 11 2376 ³
88 2365 188 2429 rendis
204 2363 470 2430 Illustrissimum
486 2361 676 2428 Dominium
700 2364 865 2447 prefatum
890 2388 954 2430 non
981 2367 1075 2432 aliter
1100 2367 1209 2433 facere

86 2474 295 2554 possit,quam
312 2470 351 2534 de
368 2469 516 2534 omnibus
533 2471 607 2554 alijs
624 2472 703 2536 locis
715 2471 779 2537 Sue
791 2473 1000 2538 Serenissimc
1011 2473 1200 2557 Majestatis
1241 2465 1242 2469 ¹

185 2581 274 2666 Item
291 2578 383 2660 petit,
399 2578 485 2642 idem
503 2577 734 2644 Serenissimus
745 2580 905 2644 Dominus
915 2580 997 2664 Rex,
1015 2582 1101 2663 quod
1113 2581 1210 2646 Illus-

86 2688 261 2752 trissimum
277 2687 467 2751 Dominium
485 2685 685 2750 antedictum
710 2693 917 2752 contentetur
932 2711 991 2772 per
1007 2711 1082 2754 suas
1097 2690 1209 2755 huma-

9 2805 11 2882 ᾖ
85 2795 226 2862 nissimas
243 2795 373 2860 litteras
390 2795 564 2878 regratiari
574 2793 805 2860 Illustrissimo
816 2796 857 2860 D.
868 2797 952 2861 Duei
966 2795 1133 2879 Stephano
1149 2819 1207 2880 pro

9 2911 10 2922 ¹
85 2925 158 2984 pace
174 2907 249 2970 inea
268 2925 341 2968 cum
358 2902 570 2968 Serenissimo
587 2903 627 2966 D.
645 2902 736 2986 Rege
752 2903 890 2969 Bossine
907 2905 1082 2985 antedicto,
1107 2906 1207 2989 quod·
1239 2901 1241 2907 ’

85 3032 141 3092 que
157 3014 308 3078 hortetur
318 3013 424 3094 ipsum
435 3009 477 3076 ad
487 3011 759 3094 perseverandum
769 3012 802 3075 in
813 3033 851 3077 ea
862 3018 894 3076 et
904 3012 1043 3095 denique
1055 3015 1207 3078 ostendat

84 3139 189 3198 pacem
207 3128 241 3192 et
260 3119 468 3184 concordiam
483 3118 589 3201 ipsam
606 3119 827 3200 gratissimam
843 3119 1007 3205 habuisse,
1026 3141 1206 3204 superoque
1226 3185 1229 3195 ,

84 3229 233 3310 majorem
252 3231 288 3292 in
297 3228 430 3292 modum
441 3225 531 3290 illam
543 3225 611 3291 fore
620 3227 785 3310 perpetuis
796 3227 995 3311 temporibus
1006 3229 1206 3295 duraturam.

185 3335 315 3400 Ultimo
342 3335 476 3399 denotat
508 3335 535 3398 is
567 3333 761 3416 Magnificus
793 3333 926 3418 Orator,
958 3334 1206 3402 Serenissimum

83 3441 253 3509 Dominum
265 3444 392 3526 Regem
402 3442 541 3507 Bossine
552 3441 715 3525 prefatum
727 3447 917 3506 coronatum
927 3441 1026 3507 fuisse
1038 3444 1077 3508 de
1088 3445 1204 3528 Regno

83 3570 134 3614 suo
148 3553 311 3636 predicto,
327 3552 431 3618 libero
449 3552 591 3617 omnium
602 3571 735 3616 suorum
746 3551 936 3634 Principum
947 3556 978 3615 et
989 3549 1204 3616 Dominorum

82 3655 181 3742 Regni
197 3662 303 3744 ipsius
320 3681 488 3739 consensu,
514 3659 720 3741 maximoque
737 3659 898 3742 applausu
915 3664 947 3724 et
962 3658 1139 3741 alacritate,
1164 3661 1204 3725 si-

82 3769 255 3833 autetiam
283 3768 351 3850 ejus
377 3767 536 3831 relatione
561 3771 714 3832 oretenus
740 3767 828 3832 facta
853 3789 963 3832 coram
979 3765 1203 3833 Illustrissimo

81 3869 230 3938 Dominio
249 3875 415 3940 antedicto
432 3873 559 3956 plenius
586 3873 758 3955 denotavit,
785 3874 862 3955 quid
888 3873 1072 3957 intelligere
1097 3880 1204 3957 potest
1238 3881 1241 3888 '

80 3977 178 4060 ipsum
195 3981 464 4048 Illustrissimum
482 3980 660 4044 Dominum
686 3981 747 4045 sibi
773 3980 950 4062 significari
974 3987 1069 4064 parte
1085 3982 1204 4064 prefati

82 4083 282 4154 serenissimi
293 4089 334 4154 D.
347 4088 459 4171 Regis
470 4093 627 4170 tanquam
638 4087 681 4151 ad
691 4087 826 4151 fratrem
836 4088 1038 4152 carissimum
1049 4093 1081 4151 et
1097 4109 1204 4152 aman·

79 4195 232 4264 tissimum
261 4221 332 4264 cum
350 4203 423 4264 toto
440 4197 555 4279 Regno
573 4202 606 4260 et
622 4200 711 4260 statu
728 4217 787 4259 sno
803 4195 845 4260 ad
863 4195 1017 4260 honorem
1033 4200 1065 4259 et
1081 4203 1203 4261 statum

80 4300 296 4373 Illustrissimi
312 4306 460 4390 Dominij
479 4304 642 4387 sepedicti.

179 4433 338 4495 (Velenczei
354 4434 532 4495 allamkonyv
546 4437 586 4481 69.
600 4431 629 4491 l.)
