3268 5308
693 705 741 764 77.

152 855 252 917 1462.
270 853 296 917 A
315 858 465 922 velencaei
481 859 694 925 dllumtcna'cs
710 887 731 926 c
741 867 849 949 pdpo't
867 867 999 950 obtenti,
1015 869 1098 952 lopy
1115 893 1134 931 a
1151 874 1278 934 ocdoada·
1367 880 1373 890 '

149 966 181 1026 e's
198 987 218 1023 a
236 987 370 1048 mappar
390 964 502 1049 hirdly
517 966 709 1032 lct'be‘lcr'tlo'se't
734 971 968 1038 kivdnutosnak
992 979 1108 1060 tartjo,
1132 981 1277 1063 apyuttcl

500 1097 520 1135 c
538 1077 626 1140 tdrb‘lc
644 1077 723 1140 allen
740 1078 842 1144 hadal
859 1082 939 1163 iper.

147 1263 423 1333 MOOCOLXII.
440 1269 493 1334 die
509 1269 668 1338 XVIIII.
685 1272 813 1359 Maroij.

257 1374 388 1441 Summo
407 1377 557 1442 Pontifici
573 1377 634 1443 Pio
651 1378 807 1444 Secundo.

146 1485 178 1546 4·
194 1482 367 1566 Sapientes
384 1483 519 1570 O‘lssSllll
620 1506 776 1570 Fatemur
787 1507 981 1572 Beatissime
992 1509 1102 1590 Pater,
1113 1532 1152 1574 ac
1163 1513 1274 1576 certis-

146 1592 177 1652 4·
292 1615 307 1649 ⁹
400 1591 462 1656 bf·
575 1614 692 1676 simum
728 1634 799 1678 esse
834 1617 1063 1697 cognoscimus
1091 1641 1153 1701 que
1180 1619 1274 1684 nobis

146 1714 314 1780 Sanctitas
339 1716 459 1784 Vestra
485 1720 553 1803 ejus
578 1721 697 1784 litteris
723 1723 896 1786 novissime
921 1722 963 1788 ad
986 1745 1044 1789 nos
1070 1724 1199 1806 delatis,
1216 1747 1274 1790 sua

143 1825 280 1906 propria
299 1847 397 1889 manu
422 1827 550 1910 scriptis
575 1827 777 1910 significavit,
803 1832 935 1895 maximi
963 1832 1114 1914 ponderis
1140 1854 1217 1915 esse,
1242 1840 1274 1898 et

143 1953 204 2014 pro
221 1953 333 1996 earum
348 1934 574 2016 magnitudine
590 1937 839 2002 secretissimum
856 1941 973 2003 mereri
990 1939 1161 2020 silentium,
1178 1942 1273 2024 quod,

143 2047 181 2104 ut
194 2039 291 2122 justis
306 2041 512 2106 Beatitudini
528 2043 647 2110 Vestre
664 2043 878 2128 obsequentes
896 2046 1003 2126 simus,
1019 2053 1190 2110 accurrate
1207 2070 1273 2112 ser·

145 2148 303 2227 vabimus,
320 2150 440 2214 nemini
460 2150 694 2232 patefacientes
721 2153 902 2235 quiequam,
929 2153 990 2217 nisi
1009 2155 1055 2219 eis
1075 2153 1187 2233 solum,
1205 2157 1273 2218 sine

143 2256 262 2338 quibus
277 2277 329 2321 res
345 2257 405 2320 iste
421 2258 597 2323 consultari
612 2281 676 2323 non
692 2265 833 2342 possunt.
850 2261 1006 2324 Fatemur
1017 2281 1145 2343 quoque
1156 2261 1273 2326 debere

141 2387 201 2429 nos
233 2364 409 2447 plurimum
440 2365 472 2432 S.
504 2364 549 2432 V.
580 2368 665 2449 quod
696 2369 870 2450 presertim
905 2369 1071 2433 videamus
1099 2391 1158 2433 nos
1184 2368 1273 2434 dedi-

141 2474 286 2540 tissimos
311 2473 380 2558 ejus
405 2472 490 2538 filios
516 2474 558 2539 ab
582 2475 696 2540 eadem
722 2481 817 2540 tanta
843 2475 1016 2540 dilectione
1041 2477 1220 2559 complecti,
1236 2483 1273 2541 ut

131 2583 368 2676 cogitationes,
385 2585 642 2669 gravissimaque
653 2585 1019 2650 consiliaBeatitudinis
1030 2582 1159 2667 Vestre‚
1171 2592 1272 2670 utque

139 2691 190 2755 ita
215 2692 391 2757 dixerimus
417 2715 471 2757 cor
497 2715 588 2757 suum
614 2700 707 2758 tanto
732 2693 833 2757 animi
858 2692 992 2775 fervore,
1016 2699 1109 2758 tanto
1126 2695 1272 2758 caritatis

138 2799 211 2864 zelo
236 2798 405 2864 nobiscum
430 2801 666 2864 communicare
694 2801 837 2865 voluerit.
863 2803 939 2868 Non
954 2822 1122 2883 possemus
1140 2798 1172 2866 S.
1189 2800 1271 2868 Ves-

136 2913 226 2972 tram
243 2907 351 2990 dignis
367 2909 528 2992 preconijs
545 2918 602 2974 aut
619 2912 741 2975 meritis
767 2912 920 2976 extollere
936 2911 1087 2976 laudibus
1116 2933 1174 2995 pro
1199 2917 1268 2973 tam

138 3021 265 3094 sancto,
282 3021 413 3096 tamque
429 3017 556 3080 ardenti
572 3018 740 3099 proposito
757 3039 823 3098 suo,
834 3025 871 3081 ut
886 3017 1183 3111 machinationibus
1199 3038 1271 3100 per-

140 3123 292 3188 fidissimi
308 3123 412 3188 hostis
427 3125 577 3208 remedijs
594 3125 825 3190 occurrendum
843 3128 894 3207 sit,
912 3126 968 3191 sed
985 3127 1064 3210 quid
1074 3124 1270 3209 gloriosius?

138 3231 221 3312 quid
248 3237 361 3296 eterna
387 3233 541 3297 memoria
568 3233 696 3314 dignius
714 3232 778 3298 dici
794 3231 929 3316 potest?
955 3255 1052 3316 quarn
1077 3230 1271 3298 Pontificem

136 3341 332 3421 Maximum,
357 3361 541 3423 supremum
567 3331 816 3406 christianorum
840 3342 1029 3424 prinoipem,
1053 3342 1087 3405 in
1113 3342 1272 3422 terrisque

137 3449 310 3517 Vicarium
327 3447 431 3513 Jhesu
447 3447 571 3523 Christi
587 3449 621 3512 in
637 3453 729 3513 tanta
746 3471 781 3514 re
806 3470 975 3531 personam
995 3451 1161 3532 propriam
1186 3449 1271 3512 ultro

136 3557 321 3622 decrevisse
338 3577 516 3640 exponere3
532 3557 652 3640 quippe
674 3577 832 3620 summum
858 3556 892 3620 id
917 3557 1050 3640 pietatis
1077 3563 1110 3620 et
1135 3556 1271 3620 clemen-

135 3664 257 3729 tissimi
273 3665 378 3747 patris
396 3662 534 3728 officium
552 3665 586 3727 in
611 3663 823 3730 christianam
848 3665 1037 3747 religionem
1051 3665 1124 3750 jure
1149 3663 1272 3746 optimo

136 3773 265 3838 censeri
282 3771 388 3853 debet,
404 3772 521 3837 ceteris
551 3771 752 3854 principibus
777 3780 809 3836 et
834 3774 1059 3856 potentatibus
1085 3771 1271 3837 christianis

138 3879 255 3944 eodem
272 3879 419 3963 exemplo
435 3881 541 3961 motis,
566 3885 679 3944 nostra
706 3882 867 3945 sententia
892 3881 1088 3963 permultum
1114 3878 1273 3944 incumbit

139 3987 344 4069 vigilandum
361 4007 438 4067 esse,
456 4009 520 4052 nou
536 3987 674 4069 amplius
691 3986 923 4069 dormiendum,
940 3989 966 4050 si
985 3987 1126 4051 divinam
1144 3986 1273 4068 religio-

138 4116 214 4160 nem
231 4095 351 4178 oolunt‚
366 4096 393 4158 si
409 4095 507 4159 saluti
518 4095 649 4177 proprie
669 4099 877 4178 statuumque
895 4117 1026 4160 sourum
1042 4092 1272 4158 consulendum

139 4209 199 4266 est.
206 4199 738 4285 QuidveroSanetitasVestrapro
749 4208 817 4266 tam
827 4207 937 4266 sancte
949 4201 1165 4285 expeditionis
1175 4222 1272 4283 opere

139 4311 380 4392 sapientissime
397 4311 594 4394 cogitaverit,
620 4314 656 4373 ut
682 4309 734 4374 Ill.
758 4309 836 4373 Dux
861 4308 1059 4391 Burgundie,
1083 4310 1137 4392 qui
1163 4314 1271 4372 votum

139 4418 228 4480 vovit
238 4417 398 4500 proficisci
409 4399 632 4499 personaliter,
644 4416 808 4482 etbellum
820 4436 932 4496 gerere
943 4414 1271 4494 coutraTuroos,rem

139 4525 238 4590 istam
254 4523 453 4608 egrediatur,
470 4543 533 4587 non
551 4525 632 4588 satis
650 4522 787 4589 laudare
802 4543 977 4607 possemus,
1009 4519 1271 4607 quandoquidem
