3256 5304
413 355 476 426 992
765 371 1000 424 urrnouaomar
1015 351 1185 422 nundum.

520 537 610 622 Quid
625 538 795 620 presertim
821 535 863 600 ad
882 557 940 600 nos
966 536 1161 618 scripseritis
1186 535 1227 598 de
1254 535 1404 617 opinione
1428 540 1536 598 vestra
1621 575 1622 582 κ

411 648 496 710 circa
513 646 650 728 majores
667 644 847 709 oblationes
863 644 1026 709 faciendas
1044 644 1256 710 serenissimo
1274 643 1366 723 Regi,
1383 642 1538 706 intellexi-

408 775 479 818 mus
496 753 625 837 optime,
640 761 674 817 et
689 751 923 835 respondentes
940 751 1029 816 vobis
1056 773 1129 816 cum
1145 757 1258 816 nostro
1276 750 1421 816 Consilio
1432 750 1539 832 Roga·

409 868 519 926 torum
535 859 680 940 dicimus
709 859 796 942 quod
821 865 858 924 ut
883 859 965 924 scire
982 861 1129 942 potestis,
1155 864 1311 924 venerunt
1327 859 1370 923 ad
1386 880 1445 922 nos
1462 857 1540 923 Ora-

409 975 496 1033 tores
521 968 623 1051 ipsius
653 966 860 1033 serenissimi
892 967 1003 1049 Regis,
1028 972 1319 1031 commemorantes
1346 966 1540 1049 gravissima
1621 989 1622 992 ¹

408 1076 556 1160 pericula
589 1074 733 1160 ejusdem
764 1076 858 1158 regni
889 1097 927 1140 ac
958 1080 1104 1157 petentes
1134 1073 1262 1138 favores
1294 1080 1434 1138 nostros.
1471 1073 1538 1138 Nos
1621 1097 1622 1104 ³

410 1191 517 1250 antem
534 1206 593 1268 pro
607 1185 678 1268 jure
694 1182 875 1248 affectionis
893 1189 926 1248 et
951 1182 1167 1247 benivolentie
1184 1189 1294 1252 nostre
1319 1183 1353 1246 in
1381 1183 1541 1265 Majesta-
1621 1179 1622 1260 ζ

409 1301 475 1356 tem
491 1291 631 1374 Regiam
646 1291 871 1374 respondimus
888 1292 933 1355 eis
950 1290 1143 1374 gratissime.
1621 1367 1622 1380 Σ

517 1400 640 1464 Postea
671 1419 747 1463 vero
780 1399 1061 1463 considerantibus
1087 1398 1180 1464 nobis
1206 1396 1408 1462 conditiones
1433 1419 1539 1463 rernm
1620 1381 1622 1438 Ῐ

409 1513 442 1572 et
456 1515 641 1592 temporum
667 1509 898 1590 occurentium,
923 1508 1132 1592 infelicesque
1149 1529 1316 1574 successus
1332 1530 1442 1572 rernm
1460 1507 1538 1570 Bos·
1620 1491 1622 1524 ³

409 1617 485 1700 sine,
519 1638 618 1700 quam
646 1616 771 1681 Turcus
797 1615 1030 1681 miserabiliter
1061 1618 1239 1698 occupavit,
1264 1614 1420 1694 volumus,
1453 1613 1536 1696 quod
1620 1597 1622 1660 Ῐ

409 1725 491 1789 detis
508 1745 639 1806 operam
657 1723 798 1788 adeundi
825 1725 1063 1807 quamprimum
1089 1724 1289 1806 presentiam
1315 1722 1443 1806 Regiae
1469 1721 1536 1786 Ma-

408 1832 549 1914 jestatia
567 1831 847 1896 commemorando
865 1831 926 1896 sibi
943 1853 1112 1896 successus
1130 1831 1294 1914 predictos
1314 1837 1347 1894 et
1365 1829 1444 1912 quid
1470 1849 1537 1912 per·

407 1939 492 2003 fidus
508 1938 611 2002 bostis
627 1939 689 2002 iste
705 1939 920 2020 machinetur,
937 1938 1112 2022 facereque
1129 1945 1264 2003 conetur
1281 1924 1315 2002 in
1336 1935 1535 2002 Christiano-

409 2069 482 2110 rum
513 2045 681 2126 excidium,
714 2046 866 2128 quodque
897 2045 1123 2127 intelligentes⁸
1148 2049 1216 2111 tam
1257 2045 1376 2110 litteris
1418 2045 1537 2124 vestris,

349 2176 352 2182 ¹
410 2175 509 2236 quam
525 2154 623 2220 aliter
639 2153 672 2219 S.
689 2153 789 2221 Suam
806 2155 1013 2237 magnanime
1039 2161 1152 2220 contra
1178 2177 1249 2219 eum
1275 2153 1453 2237 procedere
1478 2159 1537 2217 sta·
1621 2153 1622 2156 ’

408 2263 520 2344 tuisse,
536 2285 600 2327 non
618 2284 782 2345 possemus
799 2283 870 2326 eam
886 2264 1011 2327 meritis
1028 2263 1186 2328 extollere
1210 2262 1371 2328 laudibus
1398 2261 1538 2343 Cognos-
1621 2255 1622 2258 '

408 2374 510 2436 cimus
541 2370 702 2453 siquidem
734 2377 765 2434 et
796 2371 941 2435 videmus
972 2373 1108 2436 attentis
1140 2373 1267 2454 magnis
1310 2371 1534 2452 continuisque
1621 2365 1622 2370 ’

408 2477 634 2562 progressibus
667 2479 895 2544 hostisistius
913 2481 1139 2545 ‘necessarium
1164 2495 1243 2560 esse,
1270 2483 1308 2545 ut
1332 2479 1400 2544 suis
1431 2479 1536 2561 pravis
1621 2501 1622 2504 ¹

410 2585 619 2669 conceptibus
635 2592 837 2666 occurratnrp
858 2593 958 2670 utque
976 2588 1136 2672 Majestas
1162 2588 1230 2656 Sua
1254 2587 1427 2671 intelligat,
1453 2583 1536 2669 quod
1620 2589 1622 2594 ’

410 2715 481 2758 esse
498 2692 695 2758 intendimus
712 2694 799 2758 illius
816 2697 939 2777 optime
955 2697 1081 2777 mentis,
1098 2697 1187 2780 cujus
1214 2713 1369 2761 eam-esse
1394 2695 1538 2760 ridemus

409 2802 527 2885 agendi
544 2809 659 2868 contra
675 2824 876 2866 communem
892 2803 1018 2868 hostem
1034 2826 1095 2887 pro
1120 2805 1282 2870 communi
1308 2803 1484 2869 securitate
1508 2809 1536 2866 et

407 2911 518 2976 favore
534 2932 642 2975 rerum
654 2908 718 2975 Sue
729 2909 761 2975 S.
772 2917 804 2974 et
820 2917 1016 2995 nostrarum,
1033 2911 1282 2996 dicimus-quod
1298 2934 1337 2976 ex
1354 2934 1442 2976 nnnc
1458 2910 1536 2975 bene
1619 2995 1620 2998 Ἴ

406 3019 550 3084 conteuti
568 3041 677 3083 snmus
694 3017 877 3102 intelligere
894 3039 953 3083 nos
971 3040 1041 3084 cum
1053 3020 1230 3104 Majestate
1247 3043 1314 3100 sna,
1325 3019 1537 3100 devenireqne
1619 3047 1621 3054 v

407 3126 450 3190 ad
466 3132 613 3208 apertum
631 3126 750 3190 bellum
767 3148 839 3191 eum
857 3127 951 3192 hoste
967 3129 1032 3192 isto
1058 3149 1096 3192 ex
1113 3134 1206 3211 parte
1223 3130 1323 3194 maris
1347 3150 1422 3192 cum
1447 3127 1538 3191 trire·
1620 3169 1621 3172 κ

408 3233 513 3297 mibus
530 3232 760 3316 quadraginta,
778 3257 859 3316 quas
876 3235 1072 3301 haberemus
1089 3237 1266 3302 instructas
1287 3237 1330 3301 ad
1346 3237 1416 3320 ejus
1442 3255 1537 3318 oppo·
1619 3265 1621 3274 ι

408 3342 505 3406 situm
520 3348 553 3405 et
569 3362 641 3405 cum
659 3341 809 3424 gentibus
825 3344 947 3408 nostris
964 3344 1134 3427 armigeris
1151 3343 1353 3428 equestribus
1370 3350 1403 3408 et
1428 3343 1537 3426 pedes·
1620 3381 1621 3384 =

410 3447 517 3513 tribus
535 3469 574 3513 ac
589 3447 662 3513 aliis
685 3449 871 3515 hominibus
897 3458 929 3516 et
955 3451 1095 3517 subditis
1119 3455 1248 3534 nostris,
1275 3467 1356 3536 quos
1372 3451 1538 3516 'habemus

407 3577 465 3638 per
480 3555 559 3637 loca,
577 3562 609 3620 et
625 3557 769 3621 marinas
785 3563 917 3622 nostras
933 3557 1091 3624 finitimas
1109 3560 1223 3625 Turco
1250 3559 1342 3625 Cum
1356 3559 1428 3637 hoc,¹
1454 3558 1535 3642 quod

407 3683 467 3746 pro
484 3665 645 3728 communi
662 3664 747 3730 bono
763 3665 1052 3749 utriusquepartis
1063 3667 1130 3733 Sua
1147 3667 1178 3736 S.
1190 3669 1290 3734 etiam
1306 3667 1428 3734 bellum
1445 3672 1537 3750 gerat

408 3777 522 3836 contra
537 3772 609 3838 loca
626 3778 659 3837 et
676 3778 800 3837 statum
824 3773 918 3836 istius
943 3773 1047 3839 hostis
1073 3777 1184 3841 crucis
1204 3779 1290 3842 omni
1317 3781 1438 3840 conatu
1464 3788 1536 3852 s'uo;
1619 3801 1620 3806 ¹

407 3879 598 3946 confidimus
614 3895 758 3962 namque·
770 3881 805 3943 in
821 3897 963 3963 superna
979 3883 1161 3964 clementia,
1182 3885 1269 3967 quod
1295 3883 1437 3948 faciente
1465 3883 1533 3948 Ma·
1619 3903 1620 3908 ¹

404 3991 525 4073 jestate
542 3989 610 4056 Sua
626 3991 786 4056 exlatere
803 4012 862 4056 suo
879 3997 912 4056 et
928 4011 985 4057 nos
1004 4013 1043 4057 ex
1059 4001 1173 4060 nostro
1187 3994 1231 4075 id,
1248 3993 1334 4078 quod
1352 3993 1423 4058 fieri
1449 3999 1535 4076 pote-

409 4099 459 4182 rit,
475 4121 527 4164 res
543 4118 601 4162 sue
615 4104 649 4164 et
660 4103 769 4164 nostre
785 4098 868 4164 bene
884 4099 1085 4184 feliciterque
1102 4105 1284 4168 succedent.

514 4205 640 4270 Dicetis
657 4227 785 4290 quoque
801 4205 832 4272 S.
850 4205 923 4290 Sue,
950 4210 1038 4292 quod
1062 4212 1151 4276 ultra
1178 4233 1226 4293 ea,
1253 4235 1314 4295 que
1340 4213 1535 4280 incessanter

407 4314 536 4398 operari
552 4314 694 4394 nitimur,
710 4315 888 4400 tam'apud
906 4315 1073 4382 Summum
1098 4319 1301 4404 Pontificem,
1328 4342 1426 4403 quarn
1451 4320 1535 4404 apud

407 4421 488 4486 alios
504 4419 676 4504 Principes
694 4419 910 4504 Christianos,
927 4443 986 4506 pro
1004 4424 1054 4489 his
1070 4426 1169 4490 rebus
1183 4426 1264 4492 fidei·
1275 4429 1451 4498 statuimus
1469 4452 1534 4513 pre·

407 4529 518 4594 sertim
535 4528 653 4609 eligere
670 4535 702 4593 et
718 4531 848 4595 mittere
874 4528 1047 4597 Oratorem
1073 4541 1220 4601 nostrum
1245 4537 1289 4602 ad
1315 4542 1427 4620 partes
1455 4535 1530 4604 Ger·
