3314 5300
381 379 444 438 298
732 391 965 438 nrrnonaozmr
982 391 1049 434 ann
1058 375 1153 436 11111111.

379 554 510 636 venerit,
532 555 564 617 in
582 575 646 638 qua
662 576 697 618 re
715 554 875 617 cernimus
893 552 1057 616 suasiones
1084 557 1208 616 rostras
1235 551 1413 634 plurimum
1439 573 1517 633 pro·

302 697 304 704 ⁴
377 662 485 742 fuisse,
510 663 551 728 ob
576 685 674 745 quam
693 683 761 726 rem
786 661 874 725 vobis
901 682 973 724 cum
998 666 1109 724 nostro
1135 657 1281 725 Consilio
1299 659 1515 743 Rogatorurn

375 771 536 855 jubemus
552 776 589 834 ut
605 777 679 854 post
693 771 756 834 hac
772 770 869 834 etiam
887 767 1068 834 Serenitati
1094 766 1160 833 Suc
1175 768 1310 832 suadere
1326 771 1392 831 ricn
1408 767 1514 832 desis·

379 881 468 960 tatis,
484 885 521 943 ut
537 879 579 944 ab
591 900 628 943 ca
638 884 732 962 parte
743 878 877 960 hostem,
888 876 1043 960 quamdiu
1052 899 1111 960 per
1121 877 1277 960 temporis
1288 877 1513 942 conditionem

379 986 466 1066 licet,
494 987 647 1071 prosequi
676 992 709 1050 et
732 1008 848 1070 urgere
873 993 1066 1069 perseveret,
1092 985 1365 1068 quemadmodum
1391 992 1424 1050 et
1449 1009 1513 1050 nos

378 1101 466 1160 terra
483 1094 630 1177 marique
647 1093 791 1174 facimus
808 1101 840 1158 et
856 1115 965 1158 sumus
981 1093 1110 1159 facturi.
1120 1092 1345 1158 intelleximus
1356 1099 1515 1176 preterea

376 1226 423 1285 ea,
441 1225 503 1286 que
519 1203 613 1268 nobis
629 1204 901 1269 commemorastis
921 1203 1007 1267 circa
1028 1201 1218 1284 suffragium
1243 1201 1447 1282 mittendum,
1476 1203 1516 1265 id

377 1313 497 1394 quippe
524 1309 666 1394 Segnam
692 1310 912 1394 superioribus
945 1311 1060 1376 diebus
1087 1310 1241 1393 misimus,
1266 1317 1299 1376 et
1324 1309 1387 1374 fuit
1412 1309 1514 1374 duca-

377 1427 483 1485 torum
507 1419 600 1486 VHI
616 1442 675 1499 m.;
690 1419 748 1484 sed
768 1421 794 1483 si
809 1418 893 1484 forte
910 1419 953 1483 ad
970 1419 1144 1484 adrentum
1162 1417 1276 1502 Nuntij
1295 1417 1359 1484 Sue
1375 1419 1513 1487 Sereni·

374 1529 453 1592 tatis
470 1549 533 1593 non
550 1528 719 1610 applicuit,
739 1549 837 1592 causa
853 1526 915 1592 fuit
931 1532 1057 1609 tempus
1072 1527 1252 1592 adversum.
1282 1526 1317 1593 Si
1333 1526 1510 1610 paululum

374 1636 442 1700 illic
458 1634 603 1699 Nuntius
620 1635 808 1717 distulisset,
833 1636 927 1718 forte,
953 1635 1040 1718 quod
1067 1631 1270 1700 Secretarius
1296 1641 1405 1699 noster
1431 1657 1509 1699 curn

373 1744 513 1826 pecunia
528 1745 600 1826 ipsa
617 1743 805 1826 appulisset,
831 1743 919 1826 quod
936 1743 978 1807 ad
996 1743 1146 1808 denarios
1163 1743 1306 1807 cruciate
1323 1743 1453 1825 attinet,
1469 1752 1513 1808 ut

378 1853 652 1918 commemorastis
663 1854 697 1916 in
708 1853 775 1918 tria
786 1860 934 1937 tempora
945 1851 1515 1934 dividendas,vigilantiamvestram
1611 1868 1616 1873 ·

376 1961 648 2041 commendantes
659 1960 804 2041 dicimus,
817 1961 904 2044 qnod
914 1962 1104 2044 priusquam
1114 1961 1208 2026 nobis
1218 1961 1312 2026 litere
1321 1966 1425 2025 vestre
1436 1960 1514 2024 red-

374 2069 533 2150 derentur,
559 2069 655 2152 juxta
680 2068 826 2133 ordinem
852 2067 945 2133 Sacri
971 2067 1107 2152 Collegij
1135 2069 1176 2132 R.
1194 2069 1235 2133 D.
1269 2065 1512 2160 Oardinalium²

373 2177 448 2242 illos
479 2173 618 2242 dadram
633 2176 833 2256 miseramus,
867 2197 947 2259 quos
973 2177 1148 2243 secundum
1163 2177 1278 2242 literas
1300 2179 1447 2260 ipsorum
1472 2184 1512 2241 et

371 2283 520 2348 ordinem
546 2282 719 2366 prefatum,
742 2283 896 2366 jussimus
923 2283 1008 2348 binis
1034 2284 1152 2348 litteris
1169 2285 1291 2349 nostris
1307 2283 1508 2350 Rectoribus

372 2390 396 2453 J
399 2391 476 2456 adre
493 2396 526 2455 et
543 2389 668 2455 Nuntio
680 2391 786 2472 Regio
796 2391 884 2455 illius
901 2389 1089 2475 Majestatis
1105 2392 1233 2458 litteras
1245 2391 1410 2473 deferenti,
1427 2413 1510 2457 con-

377 2499 509 2580 signari,
543 2500 691 2563 cautione
717 2505 749 2563 et
775 2499 1005 2580 declaratione,
1032 2506 1067 2564 ut
1091 2522 1152 2583 par
1179 2505 1228 2564 est
1253 2508 1392 2585 sumpta,
1424 2525 1509 2584 quos

373 2605 522 2670 denarios
534 2607 696 2688 quomodo
709 2608 928 2673 existimamus
940 2609 1068 2674 adhunc
1079 2608 1163 2673 diem
1175 2609 1273 2673 fuisse
1287 2610 1509 2692 consignatae,

372 2714 513 2796 provisio
531 2716 596 2778 alia
612 2737 670 2797 per
687 2737 746 2779 nos
763 2717 834 2780 fieri
850 2740 912 2782 non
938 2724 1054 2800 potest,
1080 2724 1113 2782 et
1129 2719 1176 2782 ita
1192 2718 1330 2782 dicimus
1347 2720 1387 2784 de
1406 2742 1506 2802 pecu-

374 2822 437 2904 nijs
448 2823 620 2904 argenteis,
637 2823 669 2886 in
687 2845 812 2906 aurum,
829 2831 865 2889 ut
882 2827 1060 2908 scripsistis
1077 2826 1323 2891 commutandis
1339 2825 1431 2892 Bene
1447 2849 1509 2894 vos

372 2951 547 3018 monemus,
565 2937 601 2995 nt
620 2931 786 2995 suadeatis
802 2931 851 2996 illi
871 2932 976 3016 Regie
1002 2933 1181 3016 Majestati,
1199 2934 1286 3016 quod
1303 2935 1345 2998 ad
1361 2935 1508 3018 prefato-

373 3060 444 3101 rum
461 3038 672 3119 pecuniarum
691 3039 979 3121 dispensationem,
995 3041 1087 3105 illum
1100 3041 1246 3106 ordinem
1258 3043 1350 3125 sequi
1365 3044 1509 3129 placeat,

369 3165 465 3226 quem
475 3145 508 3206 in
525 3143 629 3209 literis
650 3145 852 3227 prefatorum
871 3148 912 3212 R.
925 3147 1149 3213 Cardinalium
1166 3151 1330 3214 continere
1350 3151 1441 3234 vidit,
1464 3159 1507 3217 ut

372 3251 586 3334 imposterum
603 3252 646 3316 ad
663 3252 753 3317 aliud
771 3254 963 3336 suffragium
980 3257 1197 3340 promptiores
1214 3279 1284 3322 esse
1300 3260 1434 3341 possint.

476 3358 572 3442 Quod
588 3359 630 3424 ad
648 3361 803 3444 oppidum
829 3363 921 3449 Olisij
940 3364 1067 3444 attinet,
1093 3366 1127 3429 in
1148 3387 1211 3449 quo
1225 3367 1295 3450 jam
1310 3367 1360 3433 bis
1377 3369 1422 3434 ad
1440 3391 1503 3435 nos

369 3467 556 3548 scripsistis
574 3466 716 3549 Regiam
732 3467 822 3533 illam
839 3469 1050 3554 Majestatem
1066 3473 1156 3538 vobis
1174 3472 1301 3557 dixisse,
1317 3497 1425 3542 nevos
1441 3478 1502 3542 im-

363 3572 543 3654 pediamus,
562 3575 815 3658 respondemus:
833 3579 1011 3662 quodlicet
1027 3581 1234 3660 arbitremur,
1252 3603 1305 3646 vos
1322 3585 1424 3666 probe
1436 3608 1503 3650 me·

361 3681 501 3764 minisse,
513 3703 574 3764 que
591 3685 684 3749 vobis
702 3687 924 3768 scripserimus
942 3689 1029 3753 circa
1045 3690 1217 3754 materiam
1230 3695 1326 3759 istam
1341 3696 1502 3777 proximis

362 3787 481 3853 litteris
501 3792 633 3876 nostris,
657 3798 766 3856 tamen
792 3815 855 3857 non
881 3795 1084 3862 immemores
1110 3800 1283 3865 verborum
1309 3801 1501 3884 Regiorum,

361 3895 519 3979 videlicet,
542 3904 578 3961 ut
603 3903 791 3982 peteremus,
818 3901 927 3983 siquid
953 3904 1116 3988 vellemus
1141 3909 1303 3990 quomodo
1331 3912 1500 3994 repulsam

363 4025 428 4067 non
455 4002 658 4088 haberemus,
685 4008 905 4090 sperabamus,
931 4013 1018 4093 quod
1044 4036 1130 4078 nunc
1145 4017 1222 4080 item
1238 4039 1303 4082 non
1319 4019 1500 4086 diffidimus

362 4117 471 4176 vestra
488 4135 597 4196 opera,
622 4115 710 4180 hand
727 4116 901 4182 difficulter
926 4118 1066 4202 Regiam
1091 4123 1304 4206 Majestatem
1320 4127 1415 4197 robis
1431 4152 1499 4194 esse

362 4239 485 4282 morem
511 4227 685 4304 gesturam,
713 4223 798 4290 hunc
823 4247 909 4305 vere,
935 4222 1095 4308 quomodo
1122 4253 1173 4294 res
1200 4231 1258 4297 hcc
1283 4236 1368 4299 tanti
1396 4235 1497 4302 aSua

360 4321 537 4408 Majestate
555 4329 624 4393 fieri
641 4331 793 4414 videmus,
820 4335 887 4418 ejus
914 4334 1074 4401 voluntati
1100 4341 1274 4406 statuimus
1301 4365 1366 4408 nou
1384 4343 1495 4408 adver-

361 4431 442 4510 sari,
460 4439 493 4498 et
507 4443 681 4519 propterea
698 4463 769 4504 cum
780 4447 892 4507 nostro
904 4441 1047 4508 Consilio
1057 4445 1265 4529 Rogatorum
1282 4450 1374 4517 vobis
1390 4453 1494 4537 injun-

362 4537 474 4624 gimus,
501 4548 537 4604 ut
563 4551 693 4632 captato
718 4555 863 4636 tempore
881 4549 1100 4620 serenitatem
1122 4553 1221 4624 Suam
1239 4557 1375 4646 adeatis,
1401 4583 1495 4649 expo·
