3268 5308
738 381 973 450 nrrndnaezrar
990 369 1157 447 titularii.

918 815 990 876 109.

394 979 487 1040 1462.
505 979 531 1040 A
546 978 697 1040 oelonrzei
706 975 924 1040 dllaaatoadcs
934 1000 954 1039 α
969 975 1288 1060 Maqyarorsac'qdan
1300 975 1390 1038 iddzo'
1401 972 1519 1036 Sancti

389 1084 506 1169 Angeli
522 1084 674 1148 diborook
688 1083 796 1168 papa-i
812 1083 955 1146 lcdvetdez
975 1104 1031 1167 eqy
1048 1081 1148 1145 kadon
1172 1082 1261 1144 docet
1287 1082 1432 1146 kdldc'se't
1457 1082 1518 1144 lra-

504 1197 630 1255 ldrozza
648 1215 663 1254 a
679 1191 774 1255 dozzd
791 1213 811 1252 a
828 1189 920 1254 tarot
937 1189 1030 1252 ellani
1049 1187 1167 1274 ayghen
1184 1188 1290 1252 develet
1304 1189 1399 1251 'intc'a

388 1401 662 1469 MOOGOLXII.
680 1404 732 1469 die
748 1403 862 1487 quinto
880 1400 1030 1484 Augusti.

390 1509 762 1596 salli⁶³11l3800¹¹⁸llil‘tl
862 1526 958 1612 Quod
989 1527 1032 1590 ad
1057 1525 1372 1592 Reverendissimum
1403 1523 1519 1590 Domi-

390 1623 418 1682 2·
436 1615 771 1719 sapienlOSAE-L,
817 1657 894 1701 num
912 1633 1116 1700 Cardinalem
1134 1633 1248 1701 Sancti
1264 1632 1388 1716 Angeli
1407 1633 1518 1714 Lega-

390 1749 462 1806 tum
478 1743 511 1805 in
537 1742 710 1825 Hungaria
735 1745 885 1808 mittatur
910 1764 993 1807 unus
1019 1744 1154 1807 nuncius
1180 1748 1290 1807 noster
1316 1762 1390 1806 cum
1415 1739 1519 1804 infra-

389 1850 511 1932 scripta
527 1848 733 1915 comissione:

496 1954 694 2021 Mandamus
710 1956 779 2036 tibi,
805 1956 892 2040 quod
909 1963 1033 2040 quanto
1051 1955 1186 2020 celerius
1212 1962 1314 2039 potas,
1341 1953 1383 2019 ad
1399 1955 1464 2018 iter
1484 1961 1521 2017 te

388 2062 570 2126 committas
586 2068 619 2126 et
636 2060 828 2128 solicitando
845 2083 917 2127 oum
935 2063 1021 2127 omni
1038 2062 1185 2145 possibili
1197 2061 1368 2144 diligentia
1378 2062 1411 2125 in
1425 2060 1521 2125 Hun-

388 2169 514 2251 gariam
545 2169 588 2234 ad
612 2168 934 2235 Reverendissimum
963 2167 1138 2235 Dominum
1164 2166 1373 2233 Oardinalem
1401 2167 1519 2233 Sancti

389 2274 511 2358 Angeli
526 2276 688 2360 Legatum
703 2279 916 2362 apostolicum
933 2284 966 2341 to
983 2277 1137 2356 conferas,
1162 2278 1214 2341 cui
1241 2275 1438 2360 presentatis
1464 2275 1521 2342 lit·

388 2385 470 2449 teris
486 2384 878 2450 nostriscredentialibua
894 2392 927 2450 et
943 2384 1040 2451 lactis
1056 2385 1309 2450 salutationibus
1325 2389 1359 2448 et
1373 2381 1520 2474 oblatio7

388 2489 483 2555 nibus
499 2491 763 2558 convenientibus
784 2513 936 2576 exponas,
962 2493 1050 2573 quod
1075 2514 1133 2576 per
1157 2492 1288 2558 litteras
1303 2490 1521 2556 Reverendis-

391 2596 469 2662 sime
485 2597 701 2664 Paternitatis
718 2600 782 2665 Sue
798 2601 864 2666 diei
880 2597 959 2667 XV.
976 2600 1060 2684 Julij
1077 2600 1221 2683 proxime
1238 2600 1340 2684 elapsi
1354 2597 1521 2663 intellexi·

389 2724 460 2768 mus
477 2709 509 2770 et
524 2725 588 2770 non
605 2707 673 2770 sine
690 2708 790 2770 animi
804 2708 908 2773 nostri
928 2706 1088 2792 singulari
1112 2705 1260 2773 molestia
1287 2713 1319 2772 et
1344 2705 1520 2790 displicen-

392 2812 448 2899 tia,
474 2812 622 2896 pericula
645 2835 747 2898 regno
771 2813 944 2898 Hungarie
970 2816 1181 2896 imminentia,
1208 2821 1342 2904 propter
1368 2819 1520 2879 coactam
1620 2895 1627 2902 .

390 2919 593 2987 [lurchonem
632 2922 812 3006 potentiam
844 2929 877 2986 et
911 2923 1061 2989 seviciam
1088 2945 1178 2989 suam
1204 2924 1238 2987 in
1263 2921 1521 2990 christianorum
1631 2925 1633 2930 ’

302 3102 309 3108 ,
388 3030 572 3110 perniciem,
599 3030 752 3116 aq'uibus
771 3031 866 3096 malis
882 3031 971 3096 nullo
991 3031 1087 3097 modo
1105 3037 1162 3098 aut
1177 3052 1244 3112 nos,
1262 3037 1319 3096 aut
1343 3031 1522 3114 quisquam

389 3134 586 3201 christianus
618 3138 767 3204 dominus
799 3138 924 3204 alienus
955 3160 1026 3204 esse
1059 3144 1176 3222 potest.
1216 3140 1263 3204 Et
1302 3138 1524 3219 meminimus,

389 3250 547 3324 quantum
579 3243 658 3308 Rev.
690 3243 879 3311 Paternitas
914 3246 981 3312 Sua
1015 3247 1109 3314 nobis
1144 3247 1235 3329 dixit,
1266 3253 1299 3310 et
1330 3243 1520 3326 affirmavit,

390 3348 521 3429 quando
562 3350 596 3414 in
635 3351 844 3436 Hungariam
878 3352 1082 3436 proficiscens
1122 3350 1176 3418 hio
1216 3353 1280 3418 luit
1321 3353 1408 3436 apud
1450 3366 1522 3433 noa,

389 3461 422 3519 et
439 3462 597 3538 quantum
614 3479 721 3523 secum
738 3462 959 3542 tractavimus
976 3467 1009 3526 et
1024 3481 1081 3526 nos
1097 3460 1215 3526 facturi
1231 3460 1370 3545 polliciti
1391 3479 1515 3542 sumus,

383 3549 598 3647 ¹dolemusque
615 3584 654 3629 ex
671 3567 778 3634 animo
795 3569 990 3634 christianos
1006 3575 1198 3650 potentatus
1224 3570 1353 3634 nonita
1378 3573 1521 3650 paratos

390 3677 422 3734 ct
438 3672 617 3739 succinctos
634 3695 713 3755 esse,
729 3682 766 3740 ut
782 3695 840 3741 nos
857 3697 985 3760 quoque
1002 3676 1100 3742 salvis
1117 3676 1214 3741 rebus
1231 3675 1364 3757 nostris,
1382 3697 1422 3740 ea
1448 3675 1521 3740 effi·

390 3799 462 3842 cere
478 3779 511 3843 in
528 3780 670 3865 presenti
686 3781 851 3846 valeamus
867 3804 927 3867 pro
949 3783 1134 3848 defensione
1151 3783 1327 3848 christiane
1340 3782 1523 3866 religionis,

389 3909 451 3970 que
467 3888 584 3953 mentis
600 3895 632 3953 et
647 3891 838 3957 intentionis
854 3898 965 3956 nostre
982 3898 1066 3957 sunt.
1092 3893 1180 3958 Nam
1196 3889 1518 3956 Reverendissimam

388 3992 629 4060 Paternitatcm
644 4017 704 4079 pro
721 4018 781 4061 sua
796 3997 910 4062 innata
936 3999 1112 4081 prudentia
1127 3997 1224 4080 plane
1240 3994 1424 4079 intelligere
1450 4020 1520 4064 non

388 4086 583 4183 dubitamus,
600 4110 724 4188 quanta
741 4105 834 4170 nobis
851 4104 1069 4170 consideratio
1086 4109 1118 4169 et
1137 4104 1344 4169 advertentia
1370 4104 1520 4187 singula-

387 4210 433 4272 ris
448 4206 599 4275 habenda
616 4218 674 4295 est,
690 4217 726 4276 ut
741 4217 791 4278 tot
816 4212 973 4294 civitates,
990 4212 1119 4296 oppida,
1144 4211 1280 4294 populos
1305 4217 1338 4276 et
1367 4210 1520 4278 subditos

389 4316 593 4397 christianos,
615 4339 695 4401 quos
714 4319 756 4382 ad
772 4311 852 4383 fines
870 4317 1051 4384 Turcorum
1067 4321 1101 4384 in
1117 4319 1250 4383 diversis
1267 4319 1441 4406 provinoijs
1458 4319 1519 4385 ha·
1627 4321 1629 4324 ’

388 4419 508 4500 bemus
525 4444 700 4508 securoque
716 4449 772 4510 per
793 4448 907 4510 paoem
932 4435 1079 4492 nostram
1105 4427 1240 4510 degunt,
1266 4433 1395 4507 temere,
1420 4433 1453 4490 et
1470 4429 1519 4492 in·

389 4529 593 4596 considerato
623 4533 656 4594 in
687 4533 981 4600 manifestissimam
1013 4535 1188 4618 perniciem
1221 4541 1252 4598 et
1279 4534 1519 4600 desolationem
