3268 5308
651 361 744 424 1462.
894 446 897 456 η
1169 369 1170 378 ¹
1201 365 1263 428 135

135 537 237 603 Suam
268 536 354 602 circa
379 539 548 602 materiam
575 539 671 602 istam
696 539 927 621 respondimus,
957 543 1041 606 sicut
1073 543 1172 606 etiam
1204 565 1263 625 per

133 646 317 726 exemplum
333 646 518 710 litterarum
536 652 720 710 nostrarum
738 647 802 711 diei
820 647 940 711 XXII.
952 646 1078 732 Aprilis
1096 650 1146 716 his
1162 651 1264 714 inclu-

133 773 205 817 sum
222 752 330 818 videre
354 755 483 834 poteris.
503 754 676 819 Nescimus
701 760 818 834 autern,
836 777 908 819 eum
934 757 1033 820 etiam
1046 759 1115 842 jam
1140 755 1263 822 efluxus

134 861 178 924 sit
202 861 329 940 mensis
347 861 434 944 quod
451 861 493 926 ad
509 861 693 925 Romanum
711 862 902 926 Pontificem
920 886 954 927 se
980 864 1154 928 contulerit
1181 887 1263 928 uuus

133 967 259 1034 Orator
274 969 377 1050 Regia
394 969 582 1054 Majestatis
596 969 777 1052 Hungarie‚
793 971 1026 1052 imploraturus
1043 971 1170 1036 favores
1180 971 1264 1036 Bea-

133 1076 285 1143 titudinis
302 1077 367 1142 Sue
383 1083 516 1159 propter
531 1078 678 1159 pericula
696 1079 787 1159 regni
804 1078 900 1157 illius,
927 1080 1005 1162 quid
1022 1081 1090 1162 ipse
1108 1081 1263 1160 consequi

133 1188 288 1268 potuerit.
300 1185 338 1251 In
350 1209 414 1268 qua
426 1186 557 1266 quidem
577 1191 798 1266 expectatione
816 1193 988 1265 manentes
1011 1190 1177 1270 cupientes
1195 1188 1263 1269 plu-

133 1293 253 1357 rimum
263 1294 452 1374 intelligere,
464 1295 543 1376 quid
553 1317 610 1376 per
627 1294 843 1359 Sanctitatem
854 1295 953 1360 Suam
975 1294 1139 1358 decretum
1155 1293 1264 1372 fuerit,
1361 1325 1364 1332 ·

134 1408 167 1464 et
193 1401 273 1483 quid
298 1401 390 1466 nobis
416 1401 610 1483 respondere
636 1400 776 1466 libuerit.
805 1403 1066 1483 Supervenerunt
1092 1402 1264 1466 novissime

134 1509 245 1574 littere
262 1509 382 1592 prefati
398 1509 572 1594 Secretarij
592 1511 704 1590 nostri,
721 1511 784 1575 diei
805 1512 914 1593 quarti
931 1509 1059 1592 Aprilis
1077 1511 1263 1573 nuntiantes

133 1618 250 1700 gravia
272 1619 415 1700 pericula
432 1618 638 1700 1·eguiillius‚
664 1623 697 1680 et
714 1618 793 1700 quid
810 1617 935 1682 Turcus
952 1640 1011 1700 pro
1031 1617 1119 1680 illius
1136 1617 1264 1682 subver-

133 1724 224 1788 sione
241 1731 353 1808 paret3
379 1727 505 1808 copiam
523 1743 634 1789 earum
659 1724 844 1788 litterarum
870 1725 1019 1790 similiter
1045 1725 1087 1789 ad
1112 1724 1264 1789 informa·

133 1832 257 1897 tionem
272 1839 364 1898 tuam
380 1834 538 1897 mittimus
554 1833 604 1896 liis
621 1833 819 1916 implicitam.
846 1835 880 1899 N
883 1856 918 1897 os
936 1855 995 1916 pro
1012 1832 1154 1915 pondere
1171 1837 1264 1896 tante

135 1939 183 2004 rei
202 1962 275 2004 cnm
293 1941 527 2006 deliberatione
543 1941 647 2005 nostri
664 1939 800 2024 Consilij
823 1941 1029 2032 Itogatorum
1046 1940 1185 2005 scribere
1201 1945 1266 2004 sta·

136 2048 259 2112 tuimus
276 2047 319 2112 ad
337 2048 532 2113 Pontificem
549 2049 732 2114 Maximum
749 2070 805 2130 per
822 2049 961 2128 litteras,
978 2071 1059 2130 quas
1077 2049 1117 2113 ad
1134 2053 1167 2112 te
1193 2048 1266 2110 mit-

135 2158 234 2220 timus
249 2155 299 2220 his
316 2157 497 2240 adjunctas,
522 2179 659 2240 quarum
687 2157 785 2220 etiam
803 2159 927 2240 copiam
945 2156 1150 2239 presentibus
1166 2157 1265 2219 inser·

136 2271 206 2328 tam
223 2263 358 2346 videbis,
373 2266 516 2328 volentes
538 2271 570 2329 et
594 2263 787 2328 mandantes
812 2265 882 2344 tibi,
909 2263 995 2345 quod
1021 2265 1149 2327 litteras
1176 2264 1265 2344 ipsas

136 2377 266 2436 nostras
294 2375 532 2455 quamprimum
548 2367 736 2455 presentare
753 2371 885 2434 studeas
905 2369 1112 2434 Beatitudini
1129 2370 1203 2448 Sue,
1230 2375 1266 2431 ut

137 2479 175 2544 de
194 2480 352 2558 omnibus,
370 2481 453 2544 sicut
469 2502 527 2544 nos
544 2483 662 2544 certior
678 2479 744 2560 fiat,
769 2500 826 2561 per
843 2499 924 2559 quas
942 2479 1024 2540 sicut
1040 2475 1173 2558 videbis,
1198 2498 1267 2539 rur·
1360 2497 1364 2505 ¹

132 2609 211 2650 snm
228 2587 405 2670 optulimus
422 2588 596 2654 Sanctitati
613 2589 676 2654 Sue
693 2589 826 2651 ducatos
842 2585 900 2649 HI
917 2585 1018 2648 millia
1033 2583 1067 2648 in
1083 2605 1192 2649 mense
1208 2606 1267 2666 pro

137 2695 285 2778 portione
312 2702 432 2762 nostra.
460 2695 666 2761 Solieitamus
684 2717 812 2778 quoque
829 2693 1074 2758 Beatitudinem
1101 2694 1199 2760 Suam
1225 2692 1267 2755 ad

138 2805 325 2868 missionem
357 2805 451 2868 unius
491 2806 618 2886 Legati,
644 2805 794 2868 videlicet
826 2801 1100 2876 Reverendissimi
1131 2798 1266 2864 Domini

140 2909 327 2976 Cardiualis
339 2912 453 2978 Sancti
463 2911 594 2996 singoli,
611 2915 694 2976 sicut
705 2911 837 2991 videbis,
853 2910 990 2990 ideoque
1007 2909 1162 2988 uolumus,
1179 2907 1268 2989 quod

137 3022 162 3084 si
179 3019 323 3084 nondum
340 3019 506 3085 Sanctitas
523 3019 591 3086 Sua
610 3019 833 3098 deliberasset,
861 3040 917 3082 seu
934 3017 1064 3080 fecisset
1091 3016 1267 3079 conclusio-

138 3149 192 3191 nes
208 3130 409 3192 necessarias
426 3129 458 3192 in
475 3130 540 3192 ista
556 3130 704 3208 materia,
722 3149 816 3192 omne
834 3126 976 3190 studium
1003 3131 1036 3189 et
1061 3125 1267 3206 diligentiam

139 3241 228 3299 tuam
261 3236 418 3301 adhibeas
444 3238 529 3300 cirea
555 3237 624 3315 hoc,
659 3243 695 3300 ut
720 3235 878 3299 tollantur
903 3255 1001 3314 more,
1028 3255 1090 3315 que
1116 3253 1181 3295 non
1206 3231 1269 3299 nisi

139 3365 260 3408 summe
276 3346 396 3424 nocive,
423 3365 460 3408 ac
486 3345 758 3426 perniciosissime
784 3365 853 3407 esse
879 3347 1023 3424 possunt,
1051 3340 1170 3404 utendo
1197 3360 1268 3402 cum

139 3450 349 3517 Beatitudiue
380 3451 446 3518 Sua
472 3453 619 3518 omnibus
651 3452 716 3516 illis
743 3452 848 3515 verbis
867 3457 898 3513 et
914 3447 1105 3528 rationibus,
1133 3469 1196 3529 que
1212 3451 1269 3510 tue

140 3561 310 3640 prudentie
326 3559 528 3636 videbuntur,
546 3561 572 3624 si
590 3581 651 3642 que
663 3559 944 3641 comprehenderis
955 3557 1123 3622 Summum
1134 3553 1269 3619 Pontifi-

141 3687 207 3730 cem
224 3665 420 3732 difficultare
437 3669 609 3732 materiam
626 3670 731 3748 istam,
748 3669 826 3750 quia
842 3666 963 3730 diceret
989 3686 1060 3728 eam
1079 3664 1269 3729 concludere

142 3795 203 3838 non
217 3794 313 3857 posse
331 3797 403 3839 cum
419 3776 478 3841 ΠΙ
494 3777 638 3842 millibus
657 3776 784 3840 ducatis
801 3776 1025 3857 proportione
1051 3780 1172 3852 nostra,
1198 3793 1270 3836 con-

131 3885 222 3946 'tenti
238 3903 358 3963 sumus,
387 3891 421 3946 ut
437 3906 502 3948 non
517 3891 619 3948 restet
636 3884 799 3948 conclusio
817 3884 902 3947 tanti
928 3880 1014 3963 boni,
1040 3882 1127 3963 quod
1153 3880 1269 3944 offerre

143 3993 243 4073 possis
260 3992 390 4055 nomine
406 3999 517 4057 nostro
535 3992 710 4058 Sanctitati
728 3991 791 4058 Sue
810 3991 892 4054 alios
910 3989 1046 4053 ducatos
1058 3989 1090 4055 V
1101 3994 1270 4051 centorum

145 4097 176 4160 in
190 4120 310 4180 mense,
337 4107 369 4163 et
394 4123 458 4163 non
483 4099 644 4182 possendo
662 4101 759 4164 etiam
776 4099 883 4162 facere
900 4097 961 4161 hoc
977 4098 1082 4176 modo,
1108 4094 1270 4180 usquead

147 4225 302 4272 summam
319 4207 511 4272 ducatorum
523 4207 601 4273 IIII
611 4208 749 4272 millium
766 4229 825 4290 pro
841 4213 934 4288 parte
951 4211 1073 4286 nostra,
1091 4205 1161 4268 etsi
1173 4205 1271 4267 etiam

146 4335 214 4377 curn
225 4315 354 4380 ducatis
364 4314 441 4379 IIII
450 4316 594 4381 millibus
605 4317 676 4380 fieri
686 4339 752 4380 non
761 4321 879 4396 posset,
897 4314 1041 4378 contenti
1053 4335 1169 4391 sumus,
1183 4311 1271 4394 quod

147 4425 334 4502 promittere
350 4426 454 4506 possis
479 4425 522 4488 ad
538 4432 665 4507 partem
687 4423 730 4489 ad
750 4430 877 4505 partem
896 4445 999 4504 usque
1020 4421 1063 4486 ad
1083 4421 1218 4484 ducatos
1238 4417 1271 4486 V

150 4529 233 4593 mille
248 4551 307 4612 per
323 4551 449 4595 menses
467 4552 531 4610 sex,
548 4533 629 4595 sicut
647 4533 797 4595 continue
808 4530 929 4595 dictum
942 4537 1000 4609 est,
1018 4529 1100 4593 nihil
1111 4531 1221 4609 itaque
1233 4549 1272 4590 ex
