3268 5308
696 387 790 451 1462.
1248 395 1308 456 155

181 555 269 621 eirca
285 556 345 622 hoo
362 559 433 623 fieri
449 559 578 624 babent.
595 562 678 628 Post
693 564 784 646 cujus
795 565 929 647 quidem
940 565 1035 649 Regij
1048 563 1197 631 Oratoris
1207 589 1311 632 reces-

180 687 251 728 sum
261 687 281 729 a
293 666 386 731 nobis
397 667 569 734 habuimus
586 669 716 750 litteras
726 671 769 736 ab
780 672 906 756 prefato
917 672 1111 752 Secretario,
1122 673 1239 756 quihus
1251 695 1310 739 uos

179 771 347 856 certificat,
374 773 541 842 Summum
557 776 751 844 Pontificem
768 779 887 845 dixisse
904 780 974 862 sibi,
998 781 1078 846 velle
1104 781 1310 847 contribuere

178 903 239 964 pro
265 883 415 965 portione
441 905 500 950 sua
526 884 652 968 singulo
677 907 784 952 mense
811 887 945 954 ducatos
971 888 1009 953 Π
1034 889 1131 970 mille,
1158 888 1309 971 quodque

178 989 303 1071 primus
330 987 453 1057 Orator
477 993 601 1075 Regius
627 1016 698 1058 oum
725 1001 855 1060 oratore
879 995 1022 1074 Romani
1047 995 1220 1063 Pontifiois
1235 1018 1310 1080 pro·

180 1095 256 1162 lecti
283 1105 378 1163 eraut
402 1100 444 1165 ad
470 1101 551 1165 alios
578 1101 676 1168 Italic
702 1105 891 1186 potentatus
909 1101 951 1170 ad
976 1103 1214 1187 perfeciendam
1240 1126 1308 1170 rom

177 1204 286 1287 istam,
318 1228 375 1273 nos
399 1229 475 1272 vero
501 1206 637 1274 indilate
664 1210 889 1293 rescripsimus
915 1210 977 1294 ipsi
1004 1209 1195 1292 Secretari0,
1222 1208 1308 1293 quod

178 1335 244 1379 una
260 1337 331 1379 cum
349 1311 488 1382 Oratore
504 1315 608 1401 Regis
625 1316 819 1402 Majestatis,
845 1321 900 1400 qui
925 1340 1009 1383 nunc
1034 1319 1148 1385 ultimo
1173 1319 1251 1386 illuc
1275 1339 1308 1383 se

177 1421 325 1505 contulit,
341 1423 471 1488 studeat
487 1445 545 1507 per
561 1447 671 1491 omues
688 1424 802 1490 modos
828 1424 907 1490 dare
933 1427 1148 1492 certissimam
1175 1427 1305 1511 expedi·

112 1597 116 1600 ,
176 1528 300 1594 tionem
319 1530 392 1596 huic
408 1533 504 1616 facto,
529 1533 680 1618 quodque
706 1532 746 1597 de
771 1533 972 1616 presentior
998 1535 1246 1601 necessitatibus
1272 1545 1304 1603 et

176 1637 332 1721 periculis
349 1637 457 1724 Regni
472 1639 644 1723 Hungarie
670 1641 780 1706 mittat
797 1641 902 1723 Regio
929 1640 1100 1725 Majestati
1125 1644 1307 1727 portionem

179 1768 272 1812 suam
290 1748 389 1814 trium
409 1753 467 1814 aut
484 1756 625 1833 quatuor
640 1736 769 1832 mensis,
786 1749 957 1814 offerentes
975 1756 1009 1815 et
1025 1770 1083 1815 nos
1096 1749 1202 1816 lacere
1219 1751 1307 1819 istud

176 1854 262 1920 idem
278 1877 339 1938 pro
354 1863 448 1939 parte
462 1861 582 1922 nostra
601 1854 645 1920 l'lt
660 1856 788 1921 demum
808 1853 891 1919 nihil
922 1855 1127 1940 inexpertum
1153 1856 1308 1942 relinqui·

176 1984 255 2043 mus,
273 1969 309 2027 ut
326 1963 537 2030 Serenissimo
554 1963 638 2047 Regi
653 1984 710 2046 per
728 1983 839 2027 omnes
855 1964 977 2046 modos,
993 1963 1135 2047 presidio
1152 1969 1185 2030 et
1200 1965 1306 2032 favori

176 2092 245 2136 esso
271 2070 440 2154 possimus.
465 2070 664 2136 Hortaheris
688 2071 800 2153 itaque
832 2070 935 2136 nostri
967 2077 1064 2154 parte
1095 2070 1307 2156 Majestate'm

176 2179 287 2260 Suam,
313 2184 350 2244 ut
372 2200 433 2263 pro
461 2185 615 2246 consueta
641 2179 810 2262 sapientia,
836 2184 869 2244 et
893 2181 1012 2246 virtute
1038 2202 1105 2264 sua,
1130 2202 1248 2266 magno
1274 2188 1308 2246 et

177 2286 258 2352 forti
274 2287 382 2352 animo
399 2308 434 2354 se
454 2288 574 2354 habeat
599 2288 631 2352 in
657 2287 812 2352 honorem
830 2288 944 2353 summi
970 2289 1034 2354 Dei
1060 2289 1171 2370 nostri,
1195 2309 1307 2373 perpe-

174 2402 330 2478 tuamque
345 2402 377 2460 et
393 2403 539 2462 eternam
555 2396 692 2480 gloriam
710 2393 922 2461 (ielsitudinis
939 2396 1012 2478 Sue,
1022 2396 1188 2480 totiusque
1198 2395 1306 2480 Regni
1342 2457 1345 2462 .

177 2503 234 2586 sni,
251 2504 413 2587 quomodo
429 2526 487 2588 per
504 2501 566 2570 Dei
583 2505 723 2588 gratiam
740 2525 792 2568 res
809 2504 873 2568 iste
889 2502 988 2568 Italie
1004 2503 1047 2568 ad
1062 2502 1188 2570 favores
1214 2503 1307 2571 Sere-

177 2610 294 2676 nitatis
311 2609 376 2677 Sue
392 2616 514 2694 optime
530 2612 753 2695 disponuntur,
778 2611 866 2675 etde
891 2610 975 2675 bono
993 2612 1027 2675 in
1044 2610 1159 2678 melius
1176 2633 1303 2696 proces-

176 2738 250 2782 sure
267 2725 351 2784 sunt.
378 2719 422 2784 Et
438 2741 498 2783 nos
515 2718 554 2783 de
571 2724 694 2802 quanto
711 2719 863 2784 continue
879 2717 1079 2802 habebimus,
1096 2719 1306 2804 Majestatem

174 2825 274 2893 Suam
290 2829 460 2893 certiorem
477 2827 640 2909 faciemus,
657 2848 754 2909 quam
778 2827 939 2892 instanter
955 2828 1095 2910 rogabis,
1121 2832 1157 2892 ut
1182 2827 1305 2894 factum

174 2935 394 3018 pecuniarum,
413 2957 475 3019 que
492 2957 548 3019 per
565 2956 622 3000 nos
642 2936 824 3016 mittuntur,
850 2933 938 3018 apud
962 2956 996 2999 se
1020 2935 1168 3017 pluribus
1196 2934 1305 3020 dignis

174 3042 372 3127 respectibus
388 3042 636 3108 secretissimum
652 3050 763 3108 tenere
774 3043 867 3121 velit;
884 3041 1108 3126 subjungendo
1125 3039 1303 3108 Serenitati

174 3149 248 3235 Sue,
259 3152 346 3234 quod
363 3157 399 3216 ut
411 3172 469 3234 per
481 3150 629 3216 effectum
646 3151 820 3233 intelligat,
835 3172 895 3216 nos
911 3150 972 3214 sibi
989 3151 1022 3214 in
1039 3151 1188 3229 omnibus
1204 3150 1305 3234 possi-

173 3258 293 3325 bilibus
305 3281 370 3324 non
381 3280 450 3324 esse
461 3256 639 3340 defuturos,
650 3259 898 3342 properabimus
908 3259 990 3325 alios
1001 3256 1093 3325 VIII
1109 3258 1199 3323 mille
1209 3258 1302 3325 flore·

175 3367 323 3432 noscito
349 3366 523 3431 mittendos
545 3368 569 3433 J
572 3367 695 3447 adram,
729 3367 879 3430 similiter
906 3366 949 3430 ad
974 3375 1159 3449 computum
1184 3367 1303 3449 portio·

173 3474 221 3538 nis
237 3480 359 3556 nostre,
375 3481 411 3540 ut
427 3475 509 3540 sicut
525 3496 583 3559 per
603 3475 686 3539 alias
714 3475 756 3539 ad
781 3481 812 3540 te
839 3474 1025 3558 scribemus
1051 3473 1210 3559 Majestas
1236 3474 1303 3542 Sua

172 3602 231 3664 pro
248 3581 314 3647 illis
330 3585 460 3648 mittere
476 3584 586 3666 possit.
1278 3597 1280 3602 '

280 3689 411 3754 Placuit
427 3691 519 3769 nobis
551 3689 727 3756 admodum
742 3690 935 3772 intelligere,
960 3687 1047 3771 quod
1073 3691 1156 3755 sicut
1181 3687 1304 3767 scribis,

172 3805 340 3864 secuturus
357 3800 400 3863 sis
418 3795 667 3863 Serenissimum
693 3797 818 3882 Regem
845 3803 954 3862 versus
981 3795 1187 3880 Segedinum,
1213 3818 1301 3862 man·

173 3928 265 3971 surus
281 3926 380 3989 penes
396 3905 610 3989 Majestatem
626 3906 735 3986 Suam,
760 3913 793 3970 et
818 3907 994 3971 exercitum
1020 3927 1113 3970 suum
1138 3904 1181 3971 ad
1206 3925 1304 3974 unam

173 4013 306 4094 dietam,
332 4014 429 4078 etita
448 4013 603 4093 volumus,
630 4012 718 4096 quod
733 4013 840 4079 facere
856 4013 976 4079 debeas
996 4018 1032 4078 ut
1049 4035 1106 4097 per
1133 4014 1303 4079 continuas

172 4122 300 4188 litteras
320 4129 393 4186 tuas
420 4122 459 4186 de
486 4120 710 4187 occurentibus
735 4121 895 4186 solicitam
921 4122 1015 4186 uobis
1042 4121 1197 4186 noticiam
1224 4121 1303 4186 dare

173 4215 284 4314 possis,
301 4232 349 4296 ita
366 4231 454 4313 quod
471 4230 587 4296 saltem
604 4230 740 4314 singulis
758 4229 796 4294 X
813 4229 927 4294 diebus
948 4236 1022 4296 tuas
1038 4231 1168 4296 litteras
1186 4227 1304 4296 habea

172 4360 252 4420 mus,
270 4339 355 4403 siout
370 4337 546 4422 plurimum
563 4337 671 4421 cupidi
688 4359 815 4418 sumus,
840 4358 899 4402 neo
914 4340 1070 4420 respicias
1087 4337 1130 4402 ad
1146 4357 1302 4419 expensas

172 4467 348 4527 cursorum,
366 4445 528 4528 quomodo
545 4447 591 4510 eis
608 4445 661 4508 hio
677 4444 817 4511 libenter
834 4445 915 4509 solvi
932 4443 1098 4512 faciemus.

279 4554 323 4638 ΔΓ
373 4558 435 4620 149
483 4589 526 4600 --
573 4558 592 4616 s
639 4589 683 4599 -
731 4555 759 4619 2.
