3256 5304
697 309 932 355 mitouucznu
950 296 1117 354 narraret.

873 707 945 767 160.

344 893 437 955 1463.
454 886 649 952 Aveleaczei
665 885 885 948 cillamta'arics
902 883 1001 946 elohai
1016 885 1259 965 magutartciscit
1275 894 1476 966 meategetve,

409 998 492 1082 πόρῃ
508 1017 575 1058 ezer
591 1005 739 1080 uruayat
756 995 891 1056 batdroz
910 991 1040 1076 Mdtya's
1057 988 1238 1076 birdlyaab
1255 989 1402 1056 tutdeai.

343 1206 638 1276 moooouxm.
656 1204 708 1269 aie
725 1204 771 1268 11.
788 1204 951 1287 Januauj.

344 1320 515 1403 Sapientes
526 1313 673 1396 Consilii,
689 1319 825 1398 θΧθθΡῐΟ
936 1327 1015 1394 Non
1036 1330 1169 1412 expedit
1185 1323 1284 1395 aliter
1300 1330 1479 1411 declarare,

343 1427 403 1493 Ser
418 1422 548 1490 «Iacobo
565 1420 766 1486 Lauredaffi
884 1442 1043 1518 quantum
1069 1436 1149 1502 facit
1173 1460 1232 1520 pro
1250 1443 1340 1502 statu
1355 1443 1477 1520 nostro,

345 1533 519 1615 Sapientes
535 1537 558 1594 I·
575 1529 596 1594 f·
623 1517 630 1532 ⁶
883 1568 1007 1630 proque
1033 1553 1149 1630 optato
1172 1548 1262 1613 exitu
1277 1554 1405 1631 sumpte
1422 1547 1480 1611 im-

425 1663 440 1697 »
536 1636 828 1738 OQ&
883 1655 990 1738 presio
1001 1653 1273 1734 eontraTureum
1284 1676 1481 1720 conservare

344 1766 438 1830 nobis
464 1765 602 1830 amioum
626 1768 658 1826 et
682 1761 863 1844 propicium
891 1746 1139 1828 serenissimum
1154 1762 1280 1848 Regem
1297 1764 1481 1846 Hungarie‚

349 1871 510 1956 quomodo
536 1871 677 1935 omnium
703 1869 956 1953 intelligentium
982 1868 1077 1934 firma
1093 1871 1254 1935 sententia
1272 1877 1331 1953 est,
1357 1871 1480 1954 absque

349 1979 441 2063 Rege
457 1980 528 2062 ipso
548 2001 621 2042 oum
635 1977 762 2060 potenti
779 1977 923 2042 exercitu
938 1977 1090 2042 terrestri
1106 1976 1248 2041 Turoum
1266 1980 1482 2056 ¹exterminari

346 2110 410 2152 non
435 2107 540 2170 posse.
572 2085 673 2154 Venit
698 2084 859 2168 Majestas
885 2084 953 2150 Sua
979 2087 1012 2148 in
1038 2086 1210 2150 Bossinam
1236 2086 1406 2151 subactam
1423 2109 1484 2170 per

347 2195 481 2279 Tureos,
509 2201 547 2259 ut
561 2215 698 2276 regnum
713 2193 795 2256 illud
811 2214 1004 2276 recuperare
1023 2194 1134 2276 possit,
1162 2193 1249 2276 quod
1265 2193 1484 2277 proculdubio

348 2311 397 2370 est
415 2311 542 2370 scutum
559 2309 665 2368 status
683 2309 716 2368 et
731 2304 877 2367 locorum
893 2309 1079 2367 nostrorum
1094 2302 1262 2368 Dalmatie
1278 2309 1312 2369 et
1329 2305 1415 2369 sieut
1425 2304 1485 2368 ha-

350 2413 479 2478 bebitur
504 2414 539 2477 in
568 2412 695 2494 magnis
712 2409 960 2476 necessitatibus
977 2410 1180 2490 constitutus,
1205 2409 1334 2477 favores
1351 2419 1484 2478 nostros

351 2522 572 2603 pecuniarum,
597 2521 744 2603 gentium
761 2524 793 2583 et
809 2519 949 2602 pulveris
966 2541 1006 2583 ae
1021 2518 1202 2584 bombarde
1219 2521 1329 2603 sepius
1345 2521 1487 2604 requisi-

345 2629 401 2707 vit,
417 2634 645 2711 asseveratque
660 2649 720 2710 per
737 2649 793 2692 nos
809 2626 891 2692 alias
903 2627 1098 2694 Oratoribus
1116 2627 1181 2692 suis
1191 2627 1487 2711 fuissepromissos

346 2734 484 2801 ducatos
511 2735 643 2804 XVIII
667 2759 708 2800 m.
735 2735 775 2799 de
800 2735 917 2818 quibus
943 2735 1048 2799 adhuc
1074 2735 1152 2799 IIII
1173 2759 1214 2800 m.
1231 2735 1353 2800 babere
1369 2741 1484 2815 restat,

348 2845 508 2926 quomodo
535 2843 611 2908 dum
636 2865 691 2908 eos
708 2844 922 2908 mississemus
939 2845 964 2908 J
965 2845 1081 2908 adram
1097 2843 1287 2908 deferendos
1305 2843 1489 2909 Serenitati

349 2952 423 3032 Sne,
446 2953 600 3036 jussimus
626 2973 689 3031 eos,
714 2956 751 3016 ut
767 2956 880 3016 notum
896 2957 954 3031 est,
979 2953 1143 3036 reportari
1160 2952 1203 3016 ad
1218 2973 1286 3031 nos,
1312 2973 1394 3035 quos
1411 2973 1488 3014 con·

348 3061 505 3124 vertimus
530 3063 564 3124 in
591 3061 666 3144 alijs
691 3059 812 3124 nostris
837 3060 994 3143 expensis.
1036 3059 1190 3126 Promissi
1218 3059 1319 3124 etiam
1353 3058 1488 3122 fuerunt

279 3180 284 3184 ·
349 3188 434 3230 anno
459 3168 524 3232 isto
542 3167 738 3234 Oratoribus
765 3169 831 3232 suis
848 3167 958 3232 ducati
974 3166 1105 3233 XVIII
1121 3190 1171 3248 m.,
1199 3187 1396 3250 quamquam
1413 3186 1489 3248 pos-

352 3278 407 3338 tea
433 3294 471 3336 ex
487 3272 573 3340 bello
589 3295 648 3356 per
663 3296 721 3338 nos
738 3280 875 3357 sumpte,
901 3295 973 3338 oum
990 3273 1096 3338 Turoo
1113 3273 1349 3338 retraxerimus
1366 3294 1425 3336 nos
1443 3272 1487 3336 ab

350 3380 421 3462 hoo,
441 3401 505 3462 quo
521 3381 627 3464 magis
643 3381 811 3446 honestius
827 3383 1007 3464 potuimus3
1025 3388 1058 3446 et
1073 3379 1335 3464 magnifacienda
1351 3381 1394 3444 sit
1409 3379 1490 3444 ami·

352 3487 431 3551 citia
457 3492 490 3552 et
515 3487 733 3553 benivolentia
758 3489 837 3554 dicti
864 3490 960 3572 regis,
986 3494 1022 3552 ut
1046 3511 1119 3553 eum
1144 3495 1331 3571 promptum
1358 3492 1391 3551 et
1403 3487 1489 3551 bene

353 3594 547 3678 dispositum
563 3596 682 3660 habere
698 3597 877 3679 possimus3
893 3601 1068 3679 propterea
1083 3595 1174 3660 vadit
1189 3615 1282 3678 pars:
1299 3595 1387 3678 quod
1397 3594 1489 3659 mitti

350 3702 492 3768 debeant
517 3703 557 3767 de
581 3703 724 3786 presenti
749 3701 925 3768 Serenitati
952 3702 1016 3769 Sue
1042 3702 1158 3768 florent
1182 3702 1325 3784 hungari
1351 3699 1429 3764 ΙΙΠ
1445 3723 1489 3765 m.

349 3832 407 3894 per
427 3810 511 3876 viam
529 3809 674 3889 sitnia,
699 3811 748 3874 vel
767 3809 903 3894 Spaleti,
930 3832 986 3875 seu
1002 3833 1061 3895 per
1079 3811 1180 3875 alium
1196 3809 1368 3874 meliorem
1385 3814 1418 3874 et
1434 3829 1490 3872 oe-

349 3918 501 3984 leriorem
526 3918 666 3998 modum,
700 3918 758 4001 qui
783 3918 947 3982 videbitur
973 3917 1127 4000 Oollegio,
1161 3923 1194 3982 et
1219 3917 1394 4000 Majestati
1422 3915 1490 3982 Sue

352 4026 539 4092 scribantur
554 4026 588 4090 in
603 4027 666 4090 hae
681 4025 795 4091 forma.

460 4129 598 4214 Quando
626 4131 718 4196 uobis
749 4131 890 4196 innotuit
916 4131 1055 4215 Regiam
1082 4130 1302 4198 Serenitatem
1331 4131 1492 4200 Vestram

351 4261 424 4304 oum
449 4242 591 4303 exercitu
617 4261 675 4304 suo
690 4259 827 4321 regnum
841 4238 979 4303 Bossine
996 4239 1143 4323 petijsse:
1170 4261 1324 4322 maguum
1340 4239 1491 4322 profecto

352 4345 508 4428 gaudium
534 4351 566 4412 et
581 4347 771 4412 immensam
786 4346 925 4410 letitiam
941 4347 1092 4430 cepimus,
1116 4347 1333 4431 persvasimus
1349 4367 1492 4430 namque

356 4453 451 4528 nobis
468 4453 681 4536 Majestatem
696 4451 852 4520 Vestram
877 4475 937 4536 pro
967 4460 1119 4519 consueta
1135 4454 1255 4520 virtute
1273 4460 1306 4518 et
1321 4457 1493 4538 magnani-
